id,country,managed_by,fulfill_via,vendor_inco_term,shipment_mode,late_delivery,late,product_group,sub_classification,vendor,item_description,molecule_test_type,brand,dosage,dosage_form,unit_of_measure_per_pack,line_item_quantity,line_item_value,pack_price,unit_price,unit_cost,manufacturing_site,first_line_designation,weight_kilograms,freight_cost_usd,freight_cost_groups,line_item_insurance_usd
36203,Nigeria,PMO - US,Direct Drop,EXW,Air,1,Yes,HRDT,HIV test,"Orgenics, Ltd","HIV 1/2, Determine Complete HIV Kit, 100 Tests","HIV 1/2, Determine Complete HIV Kit",Determine,N/A,Test kit,100,2996,266644,89,0.89,0.3,"Alere Medical Co., Ltd.",Yes,1426,33279.83,expensive,373.83
30998,Botswana,PMO - US,Direct Drop,EXW,Air,0,No,HRDT,HIV test,"Trinity Biotech, Plc","HIV 1/2, Uni-Gold HIV Kit, 20 Tests","HIV 1/2, Uni-Gold HIV Kit",Uni-Gold,N/A,Test kit,20,25,800,32,1.6,,"Trinity Biotech, Plc",Yes,10,559.89,reasonable,1.72
69871,Vietnam,PMO - US,Direct Drop,EXW,Air,0,No,ARV,Adult,HETERO LABS LIMITED,"Lamivudine/Nevirapine/Stavudine 150/200/30mg, tablets, 60 Tabs",Lamivudine/Nevirapine/Stavudine,Generic,150/200/30mg,Tablet - FDC,60,22925,110040,4.8,0.08,,Hetero Unit III Hyderabad IN,Yes,3723,19056.13,expensive,181.57
17648,South Africa,PMO - US,Direct Drop,DDP,Ocean,0,No,ARV,Adult,Aurobindo Pharma Limited,"Lamivudine 150mg, tablets, 60 Tabs",Lamivudine,Generic,150mg,Tablet,60,152535,361507.95,2.37,0.04,,"Aurobindo Unit III, India",Yes,7698,11372.23,expensive,779.41
5647,Uganda,PMO - US,Direct Drop,EXW,Air,0,No,HRDT,HIV test - Ancillary,"Orgenics, Ltd","HIV, Lancet, Safety, for HIV Test kits, 100 Pcs","HIV, Lancet, Safety, for HIV Test kits, 100 Pcs",Generic,N/A,Test kit - Ancillary,100,850,8.5,0.01,0,,Inverness Japan,Yes,56,360,reasonable,0.01
4648,Ethiopia,PMO - US,Direct Drop,EXW,Air,0,No,HRDT,HIV test,"SHANGHAI KEHUA BIOENGINEERING CO.,LTD.  (KHB)","HIV 1/2, SKB Colloidal Gold, Diagnostic Kit, Antibody, 50 Tests","HIV 1/2, Colloidal Gold, Diagnostic Kit, Antibody",Colloidal Gold,N/A,Test kit,1,7002,161046,23,23,,"KHB Test Kit Facility, Shanghai China",Yes,5057,44360.44,expensive,315.65
29061,Sudan,PMO - US,Direct Drop,EXW,Air,0,No,HRDT,HIV test,"Orgenics, Ltd","HIV 1/2, Determine Complete HIV Kit, 100 Tests","HIV 1/2, Determine Complete HIV Kit",Determine,N/A,Test kit,100,70,6230,89,0.89,0.7,"Alere Medical Co., Ltd.",Yes,33,1255.77,reasonable,10.28
2647,Cote d'Ivoire,PMO - US,Direct Drop,EXW,Air,0,No,HRDT,HIV test,BIO-RAD LABORATORIES (FRANCE),"#108853** HIV, Genie II HIV-1/HIV-2 Kit, 40 Tests","HIV, Genie II HIV-1/HIV-2 Kit",Genie,N/A,Test kit,40,100,7535,75.35,1.88,,Bio-Rad Laboratories,Yes,107,1845.74,reasonable,
23070,Malawi,PMO - US,Direct Drop,EXW,Air,0,No,HRDT,HIV test,"Trinity Biotech, Plc","HIV 1/2, Uni-Gold HIV Kit, 20 Tests","HIV 1/2, Uni-Gold HIV Kit",Uni-Gold,N/A,Test kit,20,32,1024,32,1.6,,"Trinity Biotech, Plc",Yes,17,703.25,reasonable,1.27
22069,Uganda,PMO - US,Direct Drop,EXW,Air,0,No,ARV,Adult,CIPLA LIMITED,"Efavirenz 600mg, tablets, 30 Tabs",Efavirenz,Generic,600mg,Tablet,30,50000,162000,3.24,0.11,,"Cipla, Goa, India",Yes,5593,19759.68,expensive,200.39
60937,Zambia,PMO - US,Direct Drop,EXW,Air,0,No,HRDT,HIV test,"Orgenics, Ltd","HIV 1/2, Determine Complete HIV Kit, 100 Tests","HIV 1/2, Determine Complete HIV Kit",Determine,N/A,Test kit,100,3182,254560,80,0.8,,"Alere Medical Co., Ltd.",Yes,1290,14493.3,expensive,261.69
70366,Cote d'Ivoire,PMO - US,Direct Drop,CIP,Air,0,No,ARV,Adult,MERCK SHARP & DOHME IDEA GMBH (FORMALLY MERCK SHARP & DOHME B.V.),"Efavirenz/Emtricitabine/Tenofovir Disoproxil Fumarate 600/200/300mg [Atripla], tablets, 30 Tabs",Efavirenz/Emtricitabine/Tenofovir Disoproxil Fumarate,Atripla,600/200/300mg,Tablet - FDC,30,3600,181440,50.4,1.68,,"MSD, Haarlem, NL",Yes,402,1924.57,reasonable,355.62
38504,Sudan,PMO - US,Direct Drop,EXW,Air,0,No,HRDT,HIV test,"Trinity Biotech, Plc","HIV 1/2, Uni-Gold HIV Kit, 20 Tests","HIV 1/2, Uni-Gold HIV Kit",Uni-Gold,N/A,Test kit,20,10,320,32,1.6,,"Trinity Biotech, Plc",Yes,4,593.8,reasonable,0.53
48746,South Africa,PMO - US,Direct Drop,DDP,Air,0,No,ARV,Adult,Aurobindo Pharma Limited,"Lamivudine 150mg, tablets, 60 Tabs",Lamivudine,Generic,150mg,Tablet,60,32070,81137.1,2.53,0.04,,"Aurobindo Unit III, India",Yes,1727,1791.42,reasonable,174.93
25824,Mozambique,PMO - US,Direct Drop,EXW,Air,0,No,HRDT,HIV test,"Orgenics, Ltd","HIV 1/2, Determine HIV Kit, without Lancets, 100 Tests","HIV 1/2, Determine HIV Kit, without Lancets",Determine,N/A,Test kit,100,7409,575679.3,77.7,0.78,,Inverness Japan,Yes,1275,15873.44,expensive,949.87
14447,South Africa,PMO - US,Direct Drop,DDP,Ocean,0,No,ARV,Adult,Aurobindo Pharma Limited,"Efavirenz 600mg, tablets, 30 Tabs",Efavirenz,Generic,600mg,Tablet,30,5745,25909.95,4.51,0.15,,"Aurobindo Unit III, India",Yes,488,4232.71,reasonable,42.75
24591,Vietnam,PMO - US,Direct Drop,FCA,Air,0,No,ARV,Adult,ABBVIE LOGISTICS (FORMERLY ABBOTT LOGISTICS BV),"Lopinavir/Ritonavir 200/50mg [Aluvia], tablets, 120 Tabs",Lopinavir/Ritonavir,Aluvia,200/50mg,Tablet,120,3010,247422,82.2,0.68,,ABBVIE Ludwigshafen Germany,Yes,756,9193.82,expensive,408.25
6933,Nigeria,PMO - US,Direct Drop,EXW,Air,0,No,HRDT,HIV test,"CHEMBIO DIAGNOSTIC SYSTEMS, INC.","HIV 1/2, Stat-Pak HIV, Kit, 20 Tests","HIV 1/2, Stat-Pak HIV, Kit",Stat-Pak,N/A,Test kit,20,8153,220131,27,1.35,,Chembio Diagnostics Sys. Inc.,Yes,2707,13535.55,expensive,352.21
5657,Uganda,PMO - US,Direct Drop,EXW,Air,0,No,HRDT,HIV test,"CHEMBIO DIAGNOSTIC SYSTEMS, INC.","HIV 1/2, Stat-Pak HIV, Kit, 20 Tests","HIV 1/2, Stat-Pak HIV, Kit",Stat-Pak,N/A,Test kit,20,1275,34425,27,1.35,1.1,Chembio Diagnostics Sys. Inc.,Yes,483,4193.88,reasonable,55.08
14384,Tanzania,PMO - US,Direct Drop,EXW,Air,0,No,ARV,Pediatric,Aurobindo Pharma Limited,"Efavirenz 50mg, capsule, 30 Caps",Efavirenz,Generic,50mg,Capsule,30,20867,32552.52,1.56,0.05,,"Aurobindo Unit III, India",Yes,1337,8403.67,expensive,40.27
72293,Zambia,PMO - US,Direct Drop,EXW,Air,0,No,ARV,Adult,HETERO LABS LIMITED,"Nevirapine 200mg, tablets, 60 Tabs",Nevirapine,Generic,200mg,Tablet,60,100000,218000,2.18,0.04,,Hetero Unit III Hyderabad IN,Yes,6304,34182.97,expensive,224.1
75706,Ghana,PMO - US,Direct Drop,FCA,Air,0,No,ARV,Pediatric,ABBVIE LOGISTICS (FORMERLY ABBOTT LOGISTICS BV),"Lopinavir/Ritonavir 100/25mg [Aluvia], tablets, 60 Tabs",Lopinavir/Ritonavir,Generic,100/25mg,Tablet,60,934,5547.96,5.94,0.1,,ABBVIE Ludwigshafen Germany,Yes,110,2060.79,reasonable,5.7
21656,Zambia,PMO - US,Direct Drop,EXW,Air,0,No,ARV,Adult,Aurobindo Pharma Limited,"Nevirapine 200mg, tablets, 60 Tabs",Nevirapine,Generic,200mg,Tablet,60,42813,96329.25,2.25,0.04,,"Aurobindo Unit III, India",Yes,4369,22508.32,expensive,99.03
44920,Vietnam,PMO - US,Direct Drop,EXW,Air,0,No,ARV,Adult,Aurobindo Pharma Limited,"Stavudine 30mg, capsules, 60 Caps",Stavudine,Generic,30mg,Capsule,60,9744,14128.8,1.45,0.02,,"Aurobindo Unit III, India",Yes,656,6158,expensive,30.46
14079,Tanzania,PMO - US,Direct Drop,EXW,Air,0,No,HRDT,HIV test,"Standard Diagnostics, Inc.","HIV 1/2, Determine Complete HIV Kit, 100 Tests","HIV 1/2, Determine Complete HIV Kit",Determine,N/A,Test kit,100,2915,0,0,0,,"Alere Medical Co., Ltd.",Yes,1208,20583.37,expensive,0
29317,Vietnam,PMO - US,Direct Drop,EXW,Air,0,No,ARV,Adult,Aurobindo Pharma Limited,"Nevirapine 200mg, tablets, 60 Tabs",Nevirapine,Generic,200mg,Tablet,60,6000,13500,2.25,0.04,,"Aurobindo Unit III, India",Yes,594,1113.01,reasonable,16.7
16277,Ethiopia,PMO - US,Direct Drop,EXW,Air,0,No,HRDT,HIV test,"Trinity Biotech, Plc","HIV 1/2, Uni-Gold HIV Kit, 20 Tests","HIV 1/2, Uni-Gold HIV Kit",Uni-Gold,N/A,Test kit,20,26,832,32,1.6,,"Trinity Biotech, Plc",Yes,17,334.65,reasonable,1.17
1198,Namibia,PMO - US,Direct Drop,EXW,Air,0,No,HRDT,HIV test,"Orgenics, Ltd","HIV 1/2, Clearview Complete Kit, 25 Tests","HIV 1/2, Clearview Complete Kit",Clearview,N/A,Test kit,25,67,5025,75,3,,Chembio Diagnostics Sys. Inc.,Yes,48,401.97,reasonable,9.85
17447,Cote d'Ivoire,PMO - US,Direct Drop,FCA,Air,0,No,ARV,Pediatric,ABBVIE LOGISTICS (FORMERLY ABBOTT LOGISTICS BV),"Lopinavir/Ritonavir 100/25mg [Aluvia], tablets, 60 Tabs",Lopinavir/Ritonavir,Generic,100/25mg,Tablet,60,7850,46629,5.94,0.1,,ABBVIE Ludwigshafen Germany,Yes,909,6020.53,expensive,57.68
38596,Zambia,PMO - US,Direct Drop,EXW,Air,0,No,HRDT,HIV test,"Orgenics, Ltd","HIV 1/2, Determine Complete HIV Kit, 100 Tests","HIV 1/2, Determine Complete HIV Kit",Determine,N/A,Test kit,100,2807,202104,72,0.72,,Inverness Japan,Yes,1360,20067.34,expensive,435.74
61403,Cote d'Ivoire,PMO - US,Direct Drop,EXW,Air,0,No,HRDT,HIV test,"Standard Diagnostics, Inc.","HIV 1/2, Bioline 3.0 Kit, (no accessories), 30 Tests","HIV 1/2, Bioline 3.0 Kit (no accessories)",Bioline,N/A,Test kit,30,1206,28944,24,0.8,,"Standard Diagnostics, Korea",Yes,429,4540.55,reasonable,62.4
66641,South Africa,PMO - US,Direct Drop,DDP,Air,0,No,ARV,Pediatric,Aurobindo Pharma Limited,"Nevirapine 10mg/ml, oral suspension w/syringe, Bottle, 240 ml",Nevirapine,Generic,10mg/ml,Oral suspension,240,19050,60007.5,3.15,0.01,,"Aurobindo Unit III, India",Yes,7349,4876.34,reasonable,129.38
15142,South Africa,PMO - US,Direct Drop,DDP,Air,0,No,ARV,Adult,Aurobindo Pharma Limited,"Efavirenz 600mg, tablets, 30 Tabs",Efavirenz,Generic,600mg,Tablet,30,11510,53751.7,4.67,0.16,,"Aurobindo Unit III, India",Yes,993,4263.07,reasonable,115.89
14230,Rwanda,PMO - US,Direct Drop,FCA,Air,0,No,ARV,Pediatric,ABBVIE LOGISTICS (FORMERLY ABBOTT LOGISTICS BV),"Lopinavir/Ritonavir 80/20mg/ml [Kaletra], oral solution, cool, Bottle 5 x 60 ml",Lopinavir/Ritonavir,Kaletra,80/20mg/ml,Oral solution,300,400,12328,30.82,0.1,,ABBVIE (Abbott) Logis. UK,Yes,454,7152.99,expensive,15.25
58484,Cameroon,PMO - US,Direct Drop,EXW,Air,0,No,ARV,Adult,Aurobindo Pharma Limited,"Efavirenz/Lamivudine/Tenofovir Disoproxil Fumarate 600/300/300mg, tablets, 30 Tabs",Efavirenz/Lamivudine/Tenofovir Disoproxil Fumarate,Generic,600/300/300mg,Tablet - FDC,30,37470,417790.5,11.15,0.37,,"Aurobindo Unit VII, IN",Yes,4927,65875.32,expensive,516.81
21199,Haiti,PMO - US,Direct Drop,FCA,Air,0,No,ARV,Pediatric,ABBVIE LOGISTICS (FORMERLY ABBOTT LOGISTICS BV),"Lopinavir/Ritonavir 80/20mg/ml [Kaletra], oral solution, cool, Bottle 5 x 60 ml",Lopinavir/Ritonavir,Kaletra,80/20mg/ml,Oral solution,300,40,1232.8,30.82,0.1,,ABBVIE (Abbott) Logis. UK,Yes,61,1257.16,reasonable,1.27
72049,Uganda,PMO - US,Direct Drop,EXW,Air,0,No,ARV,Adult,Aurobindo Pharma Limited,"Nevirapine 200mg, tablets, 60 Tabs",Nevirapine,Generic,200mg,Tablet,60,22500,52875,2.35,0.04,,"Aurobindo Unit III, India",Yes,2145,8143.97,expensive,74.13
26093,Rwanda,PMO - US,Direct Drop,EXW,Air,0,No,ARV,Adult,Aurobindo Pharma Limited,"Nevirapine 200mg, tablets, 60 Tabs",Nevirapine,Generic,200mg,Tablet,60,57364,129069,2.25,0.04,,"Aurobindo Unit III, India",Yes,5468,48501.5,expensive,180.95
67308,Rwanda,PMO - US,Direct Drop,FCA,Air,0,No,ARV,Pediatric,ABBVIE LOGISTICS (FORMERLY ABBOTT LOGISTICS BV),"Lopinavir/Ritonavir 100/25mg [Aluvia], tablets, 60 Tabs",Lopinavir/Ritonavir,Generic,100/25mg,Tablet,60,642,3813.48,5.94,0.1,,ABBVIE Ludwigshafen Germany,Yes,83,929.85,reasonable,4.49
47311,Cote d'Ivoire,PMO - US,Direct Drop,FCA,Ocean,0,No,ARV,Adult,ABBVIE LOGISTICS (FORMERLY ABBOTT LOGISTICS BV),"Lopinavir/Ritonavir 200/50mg [Aluvia], tablets, 120 Tabs",Lopinavir/Ritonavir,Aluvia,200/50mg,Tablet,120,1573,48479.86,30.82,0.26,,ABBVIE Ludwigshafen Germany,Yes,393,40289,expensive,79.99
35375,South Africa,PMO - US,Direct Drop,DDP,Ocean,0,No,ARV,Adult,Aurobindo Pharma Limited,"Efavirenz 600mg, tablets, 30 Tabs",Efavirenz,Generic,600mg,Tablet,30,69255,312340.05,4.51,0.15,,"Aurobindo Unit III, India",Yes,5887,4232.71,reasonable,515.36
21091,Haiti,PMO - US,Direct Drop,EXW,Ocean,0,No,ARV,Pediatric,MYLAN LABORATORIES LTD (FORMERLY MATRIX LABORATORIES),"Lamivudine/Nevirapine/Zidovudine 30/50/60mg, dispersible tablets, 60 Tabs",Lamivudine/Nevirapine/Zidovudine,Generic,30/50/60mg,Chewable/dispersible tablet - FDC,60,5324,22094.6,4.15,0.07,,Mylan (formerly Matrix) Nashik,Yes,4654,8538.03,expensive,30.98
2008,Ethiopia,PMO - US,Direct Drop,EXW,Air,0,No,HRDT,HIV test,"SHANGHAI KEHUA BIOENGINEERING CO.,LTD.  (KHB)","HIV 1/2, SKB Colloidal Gold, Diagnostic Kit, Antibody, 50 Tests","HIV 1/2, Colloidal Gold, Diagnostic Kit, Antibody",Colloidal Gold,N/A,Test kit,1,6998,160954,23,23,,"KHB Test Kit Facility, Shanghai China",Yes,5057,44347.71,expensive,257.53
4311,Cote d'Ivoire,PMO - US,Direct Drop,EXW,Air,0,No,HRDT,HIV test,"Orgenics, Ltd","HIV 1/2, Determine HIV Kit, without Lancets, 100 Tests","HIV 1/2, Determine HIV Kit, without Lancets",Determine,N/A,Test kit,100,1116,78120,70,0.7,0.1,Inverness Japan,Yes,256,4014.57,reasonable,124.99
65081,Vietnam,PMO - US,Direct Drop,EXW,Air,1,Yes,ARV,Adult,HETERO LABS LIMITED,"Efavirenz/Lamivudine/Tenofovir Disoproxil Fumarate 600/300/300mg, tablets, 30 Tabs",Efavirenz/Lamivudine/Tenofovir Disoproxil Fumarate,Generic,600/300/300mg,Tablet - FDC,30,14016,147168,10.5,0.35,,Hetero Unit III Hyderabad IN,Yes,1955,6194.69,expensive,151.29
78303,Cote d'Ivoire,PMO - US,Direct Drop,CIP,Air,0,No,ARV,Pediatric,MERCK SHARP & DOHME IDEA GMBH (FORMALLY MERCK SHARP & DOHME B.V.),"Efavirenz 30mg/ml [Stocrin/Sustiva], oral solution, Bottle, 180 ml",Efavirenz,Stocrin/Sustiva,30mg/ml,Oral solution,180,2052,34801.92,16.96,0.09,0.05,"MSD, Haarlem, NL",Yes,605,1416.03,reasonable,57.42
34062,Vietnam,PMO - US,Direct Drop,EXW,Air,0,No,ARV,Adult,MYLAN LABORATORIES LTD (FORMERLY MATRIX LABORATORIES),"Lamivudine/Zidovudine 150/300mg, tablets, 60 Tabs",Lamivudine/Zidovudine,Generic,150/300mg,Tablet - FDC,60,9789,66075.75,6.75,0.11,,Mylan (formerly Matrix) Nashik,Yes,1585,2965.32,reasonable,81.74
72492,Nigeria,PMO - US,Direct Drop,EXW,Air,0,No,HRDT,HIV test,"CHEMBIO DIAGNOSTIC SYSTEMS, INC.","HIV 1/2, Stat-Pak HIV, Kit, 20 Tests","HIV 1/2, Stat-Pak HIV, Kit",Stat-Pak,N/A,Test kit,20,4848,140592,29,1.45,,Chembio Diagnostics Sys. Inc.,Yes,1784,8248.33,expensive,197.11
23023,Namibia,PMO - US,Direct Drop,EXW,Air,0,No,HRDT,HIV test,"Orgenics, Ltd","HIV 1/2, Determine HIV Kit, without Lancets, 100 Tests","HIV 1/2, Determine HIV Kit, without Lancets",Determine,N/A,Test kit,100,75,5827.5,77.7,0.78,,Inverness Japan,Yes,19,718.32,reasonable,8.17
43812,Rwanda,PMO - US,Direct Drop,CIP,Air,0,No,ARV,Adult,Aurobindo Pharma Limited,"Abacavir 300mg, tablets, 60 Tabs",Abacavir,Generic,300mg,Tablet,60,10620,205284.6,19.33,0.32,0.05,"Aurobindo Unit III, India",Yes,1050,18475.61,expensive,402.36
75198,Ghana,PMO - US,Direct Drop,EXW,Air,0,No,ARV,Adult,Aurobindo Pharma Limited,"Lamivudine/Nevirapine/Zidovudine 150/200/300mg, tablets, 60 Tabs",Lamivudine/Nevirapine/Zidovudine,Generic,150/300/200mg,Tablet - FDC,60,25097,205795.4,8.2,0.14,,"Aurobindo Unit III, India",Yes,3167,16189.27,expensive,211.56
14743,South Africa,PMO - US,Direct Drop,DDP,Ocean,0,No,ARV,Adult,Aurobindo Pharma Limited,"Zidovudine 300mg, tablets, 60 Tabs",Zidovudine,Generic,300mg,Tablet,60,87500,641375,7.33,0.12,,"Aurobindo Unit III, India",Yes,4416,7334.83,expensive,1382.8
20319,Zambia,PMO - US,Direct Drop,EXW,Air,0,No,HRDT,HIV test,"Orgenics, Ltd","HIV 1/2, Determine Complete HIV Kit, 100 Tests","HIV 1/2, Determine Complete HIV Kit",Determine,N/A,Test kit,100,6000,480000,80,0.8,,"Alere Medical Co., Ltd.",Yes,2439,30885.26,expensive,493.44
57449,Vietnam,PMO - US,Direct Drop,FCA,Air,0,No,ARV,Adult,ABBVIE LOGISTICS (FORMERLY ABBOTT LOGISTICS BV),"Lopinavir/Ritonavir 200/50mg [Aluvia], tablets, 120 Tabs",Lopinavir/Ritonavir,Aluvia,200/50mg,Tablet,120,4400,267608,60.82,0.51,,ABBVIE Ludwigshafen Germany,Yes,1073,1475.94,reasonable,275.1
52540,Ethiopia,PMO - US,Direct Drop,EXW,Air,0,No,ARV,Adult,Aurobindo Pharma Limited,"Didanosine 250mg, delayed-release capsules, 30 Caps",Didanosine,Generic,250mg,Delayed-release capsules,30,1625,21125,13,0.43,,"Aurobindo Unit III, India",Yes,111,1206.62,reasonable,34.86
66349,South Sudan,PMO - US,Direct Drop,EXW,Air,0,No,HRDT,HIV test,"Trinity Biotech, Plc","HIV 1/2, Uni-Gold HIV Kit, 20 Tests","HIV 1/2, Uni-Gold HIV Kit",Uni-Gold,N/A,Test kit,20,240,7680,32,1.6,,"Trinity Biotech, Plc",Yes,82,1504.59,reasonable,10.77
51587,South Africa,PMO - US,Direct Drop,DDP,Air,0,No,ARV,Adult,Aurobindo Pharma Limited,"Nevirapine 200mg, tablets, 60 Tabs",Nevirapine,Generic,200mg,Tablet,60,22372,65326.24,2.92,0.05,,"Aurobindo Unit III, India",Yes,2655,6369.79,expensive,140.84
6691,Vietnam,PMO - US,Direct Drop,EXW,Air,0,No,ARV,Adult,SUN PHARMACEUTICAL INDUSTRIES LTD (RANBAXY LABORATORIES LIMITED),"Zidovudine 300mg, tablets, 60 Tabs",Zidovudine,Generic,300mg,Tablet,60,100,894,8.94,0.15,,"Ranbaxy, Paonta Shahib, India",Yes,6,2794.34,reasonable,1.43
62521,Cote d'Ivoire,PMO - US,Direct Drop,EXW,Air,0,No,ARV,Adult,MYLAN LABORATORIES LTD (FORMERLY MATRIX LABORATORIES),"Abacavir/Lamivudine/Zidovudine 300/150/300mg, tablets, 60 Tabs",Abacavir/Lamivudine/Zidovudine,Generic,300/150/300mg,Tablet - FDC,60,2688,86016,32,0.53,,Mylan (formerly Matrix) Nashik,Yes,421,4022.89,reasonable,168.59
30412,Kenya,PMO - US,Direct Drop,EXW,Air,0,No,HRDT,HIV test,Premier Medical Corporation Ltd.,"HIV 1/2/O, First Response HIV 1-2.0, v.3.0 Cards Kit, 30 Tests","HIV 1/2/O, First Response HIV 1-2.0, v.3.0 Cards Kit",First Response,N/A,Test kit,30,50,1170,23.4,0.78,,Premier Med. Corp Ltd. India,Yes,18,2644.79,reasonable,1.64
8407,Nigeria,PMO - US,Direct Drop,EXW,Air,0,No,HRDT,HIV test,"Orgenics, Ltd","HIV 1/2, Determine HIV Kit, without Lancets, 100 Tests","HIV 1/2, Determine HIV Kit, without Lancets",Determine,N/A,Test kit,100,1130,90388.7,79.99,0.8,0.1,Inverness Japan,Yes,258,3748.24,reasonable,144.62
64108,Nigeria,PMO - US,Direct Drop,EXW,Air,0,No,HRDT,HIV test,"Orgenics, Ltd","HIV 1/2, Determine Complete HIV Kit, 100 Tests","HIV 1/2, Determine Complete HIV Kit",Determine,N/A,Test kit,100,2835,252315,89,0.89,,"Alere Medical Co., Ltd.",Yes,1352,30726.22,expensive,353.75
65780,Rwanda,PMO - US,Direct Drop,EXW,Air,0,No,ARV,Adult,HETERO LABS LIMITED,"Nevirapine 200mg, tablets, 60 Tabs",Nevirapine,Generic,200mg,Tablet,60,55710,130361.4,2.34,0.04,,Hetero Unit III Hyderabad IN,Yes,3204,19625.64,expensive,182.77
35053,Vietnam,PMO - US,Direct Drop,EXW,Air,0,No,ARV,Pediatric,Aurobindo Pharma Limited,"Abacavir 20mg/ml, oral solution w/syringe, Bottle, 240 ml",Abacavir,Generic,20mg/ml,Oral solution,240,200,2500,12.5,0.05,,"Aurobindo Unit III, India",Yes,546,1340.23,reasonable,3.5
76270,Rwanda,PMO - US,Direct Drop,EXW,Air,0,No,HRDT,HIV test,"Orgenics, Ltd","HIV 1/2, Determine HIV Kit, without Lancets, 100 Tests","HIV 1/2, Determine HIV Kit, without Lancets",Determine,N/A,Test kit,100,2530,196581,77.7,0.78,,Inverness Japan,Yes,575,26849.57,expensive,324.36
13926,South Africa,PMO - US,Direct Drop,DDP,Air,1,Yes,ARV,Adult,CIPLA LIMITED,"Tenofovir Disoproxil Fumarate 300mg, tablets, 30 Tabs",Tenofovir Disoproxil Fumarate,Generic,300mg,Tablet,30,19992,156337.44,7.82,0.26,,"Cipla, Goa, India",Yes,1378,3646.1,reasonable,337.06
55504,Ethiopia,PMO - US,Direct Drop,EXW,Air,0,No,HRDT,HIV test,"Trinity Biotech, Plc","HIV 1/2, Uni-Gold HIV Kit, 20 Tests","HIV 1/2, Uni-Gold HIV Kit",Uni-Gold,N/A,Test kit,20,27,864,32,1.6,,"Trinity Biotech, Plc",Yes,10,490.23,reasonable,1.21
1,Cote d'Ivoire,PMO - US,Direct Drop,EXW,Air,0,No,HRDT,HIV test,RANBAXY Fine Chemicals LTD.,"HIV, Reveal G3 Rapid HIV-1 Antibody Test, 30 Tests","HIV, Reveal G3 Rapid HIV-1 Antibody Test",Reveal,N/A,Test kit,30,19,551,29,0.97,,Ranbaxy Fine Chemicals LTD,Yes,13,780.34,reasonable,
25830,South Africa,PMO - US,Direct Drop,DDP,Air,1,Yes,ARV,Pediatric,Aurobindo Pharma Limited,"Lamivudine 10mg/ml, oral solution w/syringe, Bottle, 240 ml",Lamivudine,Generic,10mg/ml,Oral solution,240,11640,34920,3,0.01,,"Aurobindo Unit III, India",Yes,4386,12917.3,expensive,75.29
68361,Vietnam,PMO - US,Direct Drop,EXW,Air,0,No,ARV,Pediatric,MYLAN LABORATORIES LTD (FORMERLY MATRIX LABORATORIES),"Lamivudine/Nevirapine/Zidovudine 30/50/60mg, dispersible tablets, 60 Tabs",Lamivudine/Nevirapine/Zidovudine,Generic,30/50/60mg,Chewable/dispersible tablet - FDC,60,10508,43608.2,4.15,0.07,,Mylan (formerly Matrix) Nashik,Yes,678,2148.1,reasonable,61.14
92,Nigeria,PMO - US,Direct Drop,EXW,Air,0,No,HRDT,HIV test,Abbott GmbH & Co. KG,"HIV 1/2, Determine Complete HIV Kit, 100 Tests","HIV 1/2, Determine Complete HIV Kit",Determine,N/A,Test kit,100,1000,80000,80,0.8,,ABBVIE GmbH & Co.KG Wiesbaden,Yes,341,2682.47,reasonable,128
67159,Malawi,PMO - US,Direct Drop,EXW,Air,0,No,HRDT,HIV test,"Orgenics, Ltd","HIV 1/2, Determine Complete HIV Kit, 100 Tests","HIV 1/2, Determine Complete HIV Kit",Determine,N/A,Test kit,100,66,5280,80,0.8,,"Alere Medical Co., Ltd.",Yes,30,1470.09,reasonable,7.4
63807,Cote d'Ivoire,PMO - US,Direct Drop,EXW,Air,0,No,ARV,Pediatric,Aurobindo Pharma Limited,"Nevirapine 50mg, dispersible tablets (tablets for oral suspension), 30 Tabs",Nevirapine,Generic,50mg,Chewable/dispersible tablet,30,6500,8125,1.25,0.04,,"Aurobindo Unit III, India",Yes,406,4837.38,reasonable,10.05
50802,Tanzania,PMO - US,Direct Drop,EXW,Air,0,No,ARV,Adult,Aurobindo Pharma Limited,"Zidovudine 300mg, tablets, 60 Tabs",Zidovudine,Generic,300mg,Tablet,60,11500,62445,5.43,0.09,,"Aurobindo Unit III, India",Yes,632,4168.19,reasonable,77.24
49211,South Africa,PMO - US,Direct Drop,DDP,Ocean,0,No,ARV,Adult,CIPLA LIMITED,"Nevirapine 200mg, tablets, 60 Tabs",Nevirapine,Generic,200mg,Tablet,60,57925,157556,2.72,0.05,,"Cipla, Goa, India",Yes,6220,7175.28,expensive,259.97
51034,Nigeria,PMO - US,Direct Drop,EXW,Air,0,No,HRDT,HIV test,"Orgenics, Ltd","HIV 1/2, Determine Complete HIV Kit, 100 Tests","HIV 1/2, Determine Complete HIV Kit",Determine,N/A,Test kit,100,898,79922,89,0.89,,"Alere Medical Co., Ltd.",Yes,364,6522.64,expensive,98.86
47536,Botswana,PMO - US,Direct Drop,EXW,Air,0,No,HRDT,HIV test,"Orgenics, Ltd","HIV 1/2, Determine Complete HIV Kit, 100 Tests","HIV 1/2, Determine Complete HIV Kit",Determine,N/A,Test kit,100,10,800,80,0.8,,Inverness Japan,Yes,5,767.63,reasonable,1.32
62801,South Africa,PMO - US,Direct Drop,DDP,Ocean,0,No,ARV,Adult,Aurobindo Pharma Limited,"Tenofovir Disoproxil Fumarate 300mg, tablets, 30 Tabs",Tenofovir Disoproxil Fumarate,Generic,300mg,Tablet,30,86843,577505.95,6.65,0.22,,"Aurobindo Unit III, India",Yes,8106,10748.78,expensive,952.88
47625,South Africa,PMO - US,Direct Drop,DDP,Air,1,Yes,ARV,Adult,CIPLA LIMITED,"Tenofovir Disoproxil Fumarate 300mg, tablets, 30 Tabs",Tenofovir Disoproxil Fumarate,Generic,300mg,Tablet,30,54247,424211.54,7.82,0.26,,"Cipla, Goa, India",Yes,3728,3646.13,reasonable,914.6
54271,Haiti,PMO - US,Direct Drop,EXW,Air,0,No,HRDT,HIV test,"Orgenics, Ltd","HIV 1/2, Determine HIV Kit, without Lancets, 100 Tests","HIV 1/2, Determine HIV Kit, without Lancets",Determine,N/A,Test kit,100,2500,244200,97.68,0.98,,Inverness Japan,Yes,568,5631.87,expensive,526.5
29427,Vietnam,PMO - US,Direct Drop,EXW,Air,0,No,ARV,Adult,MYLAN LABORATORIES LTD (FORMERLY MATRIX LABORATORIES),"Tenofovir Disoproxil Fumarate 300mg, tablets, 30 Tabs",Tenofovir Disoproxil Fumarate,Generic,300mg,Tablet,30,3696,24948,6.75,0.22,,Mylan (formerly Matrix) Nashik,Yes,314,4885.33,reasonable,53.79
61111,Uganda,PMO - US,Direct Drop,EXW,Air,0,No,ARV,Adult,B&C GROUP S.A.,"Etravirine 100mg [Intelence], tablets, 120 Tabs",Etravirine,Intelence,100mg,Tablet,120,502,18072,36,0.3,,"Janssen-Cilag, Latina, IT",Yes,119,923.18,reasonable,18.58
64589,Uganda,PMO - US,Direct Drop,EXW,Air,0,No,ARV,Pediatric,MICRO LABS LIMITED,"Efavirenz 50mg, capsule, 30 Caps",Efavirenz,Generic,50mg,Capsule,30,252,504,2,0.07,,"Micro labs, Verna, Goa, India",Yes,9,1026.15,reasonable,0.62
40214,Rwanda,PMO - US,Direct Drop,EXW,Ocean,0,No,ARV,Adult,MYLAN LABORATORIES LTD (FORMERLY MATRIX LABORATORIES),"Atazanavir/Ritonavir 300/100mg, tablets, 30 Tabs",Atazanavir/Ritonavir,Generic,300/100mg,Tablet,30,28869,577380,20,0.67,,Mylan (formerly Matrix) Nashik,Yes,3865,5678.36,expensive,593.55
36842,Nigeria,PMO - US,Direct Drop,EXW,Air,0,No,HRDT,HIV test,"Orgenics, Ltd","HIV 1/2, Determine Complete HIV Kit, 100 Tests","HIV 1/2, Determine Complete HIV Kit",Determine,N/A,Test kit,100,9308,828412,89,0.89,,"Alere Medical Co., Ltd.",Yes,3778,59767.71,expensive,1024.75
28656,Guyana,PMO - US,Direct Drop,EXW,Air,0,No,ARV,Adult,CIPLA LIMITED,"Lopinavir/Ritonavir 200/50mg, tablets, 120 Tabs",Lopinavir/Ritonavir,Generic,200/50mg,Tablet,120,691,25567,37,0.31,,Cipla Ltd A-42 MIDC Mahar. IN,Yes,191,1703.62,reasonable,55.12
30274,Haiti,PMO - US,Direct Drop,EXW,Air,0,No,HRDT,HIV test,"Orgenics, Ltd","HIV 1/2, Determine Complete HIV Kit, 100 Tests","HIV 1/2, Determine Complete HIV Kit",Determine,N/A,Test kit,100,4000,400000,100,1,,"Alere Medical Co., Ltd.",Yes,1740,24069.99,expensive,494.8
27664,Ghana,PMO - US,Direct Drop,EXW,Air,0,No,ARV,Adult,HETERO LABS LIMITED,"Lamivudine/Tenofovir Disoproxil Fumarate 300/300mg, tablets, 30 Tabs",Lamivudine/Tenofovir Disoproxil Fumarate,Generic,300/300mg,Tablet - FDC,30,45632,210819.84,4.62,0.15,,Hetero Unit III Hyderabad IN,Yes,4539,22271.36,expensive,216.72
14803,Rwanda,PMO - US,Direct Drop,EXW,Air,0,No,ARV,Pediatric,Aurobindo Pharma Limited,"Nevirapine 10mg/ml, oral suspension w/syringe, Bottle, 240 ml",Nevirapine,Generic,10mg/ml,Oral suspension,240,9720,14677.2,1.51,0.01,,"Aurobindo Unit III, India",Yes,4365,,,15.09
77677,Tanzania,PMO - US,Direct Drop,EXW,Air,0,No,ARV,Adult,MYLAN LABORATORIES LTD (FORMERLY MATRIX LABORATORIES),"Emtricitabine/Tenofovir Disoproxil Fumarate 200/300mg, tablets, 30 Tabs",Emtricitabine/Tenofovir Disoproxil Fumarate,Generic,200/300mg,Tablet - FDC,30,5000,28700,5.74,0.19,,Mylan (formerly Matrix) Nashik,Yes,449,2865.22,reasonable,29.5
63956,Namibia,PMO - US,Direct Drop,EXW,Air,0,No,ARV,Adult,HETERO LABS LIMITED,"Lamivudine/Tenofovir Disoproxil Fumarate 300/300mg, tablets, 30 Tabs",Lamivudine/Tenofovir Disoproxil Fumarate,Generic,300/300mg,Tablet - FDC,30,2910,13444.2,4.62,0.15,,Hetero Unit III Hyderabad IN,Yes,352,2429.39,reasonable,13.82
65323,Tanzania,PMO - US,Direct Drop,EXW,Air,0,No,ARV,Adult,CIPLA LIMITED,"Lamivudine/Nevirapine/Zidovudine 150/200/300mg, tablets, 60 Tabs",Lamivudine/Nevirapine/Zidovudine,Generic,150/300/200mg,Tablet - FDC,60,53239,431235.9,8.1,0.13,,"Cipla, Goa, India",Yes,7696,33442.63,expensive,533.44
530,Vietnam,PMO - US,Direct Drop,EXW,Air,0,No,ARV,Adult,MYLAN LABORATORIES LTD (FORMERLY MATRIX LABORATORIES),"Tenofovir Disoproxil Fumarate 300mg, tablets, 30 Tabs",Tenofovir Disoproxil Fumarate,Generic,300mg,Tablet,30,1344,18359.04,13.66,0.46,,Mylan (formerly Matrix) Nashik,Yes,1537,13507.92,expensive,29.37
4947,Senegal,PMO - US,Direct Drop,EXW,Air,0,No,HRDT,HIV test,"Orgenics, Ltd","HIV 1/2, ImmunoComb TriSpot Ag - Ab Kit, 36 Tests","HIV 1/2, ImmunoComb TriSpot Ag - Ab Kit",ImmunoComb,N/A,Test kit,36,80,6800,85,2.36,,INVERNESS ORGENICS LINE,Yes,33,812,reasonable,13.33
49076,Vietnam,PMO - US,Direct Drop,EXW,Air,0,No,ARV,Adult,HETERO LABS LIMITED,"Lamivudine/Nevirapine/Zidovudine 150/200/300mg, tablets, 60 Tabs",Lamivudine/Nevirapine/Zidovudine,Generic,150/300/200mg,Tablet - FDC,60,39045,320559.45,8.21,0.14,,Hetero Unit III Hyderabad IN,Yes,5092,7312.6,expensive,396.53
65238,Ethiopia,PMO - US,Direct Drop,EXW,Air,0,No,HRDT,HIV test,"SHANGHAI KEHUA BIOENGINEERING CO.,LTD.  (KHB)","HIV 1/2, SKB Colloidal Gold, Diagnostic Kit, Antibody, 50 Tests","HIV 1/2, Colloidal Gold, Diagnostic Kit, Antibody",Colloidal Gold,N/A,Test kit,1,7527,184411.5,24.5,24.5,,"KHB Test Kit Facility, Shanghai China",Yes,5020,78813.53,expensive,189.58
41578,Zimbabwe,PMO - US,Direct Drop,FCA,Air,0,No,ARV,Pediatric,ABBVIE LOGISTICS (FORMERLY ABBOTT LOGISTICS BV),"Lopinavir/Ritonavir 80/20mg/ml [Kaletra], oral solution, cool, Bottle 5 x 60 ml",Lopinavir/Ritonavir,Kaletra,80/20mg/ml,Oral solution,300,1500,46230,30.82,0.1,0.08,ABBVIE (Abbott) Logis. UK,Yes,1374,15509.16,expensive,64.81
20321,Vietnam,PMO - US,Direct Drop,EXW,Air,0,No,ARV,Adult,MYLAN LABORATORIES LTD (FORMERLY MATRIX LABORATORIES),"Abacavir 300mg, tablets, 60 Tabs",Abacavir,Generic,300mg,Tablet,60,331,4220.25,12.75,0.21,,Mylan (formerly Matrix) Nashik,Yes,2951,7211.04,expensive,5.92
76374,Rwanda,PMO - US,Direct Drop,EXW,Air,0,No,HRDT,HIV test,"SHANGHAI KEHUA BIOENGINEERING CO.,LTD.  (KHB)","HIV 1/2, SKB Colloidal Gold, Diagnostic Kit, Antibody, 50 Tests","HIV 1/2, Colloidal Gold, Diagnostic Kit, Antibody",Colloidal Gold,N/A,Test kit,1,20481,501784.5,24.5,24.5,,"KHB Test Kit Facility, Shanghai China",Yes,13656,139951.34,expensive,620.71
5857,Rwanda,PMO - US,Direct Drop,EXW,Air,0,No,HRDT,HIV test,"Orgenics, Ltd","HIV 1/2, Determine HIV Kit, without Lancets, 100 Tests","HIV 1/2, Determine HIV Kit, without Lancets",Determine,N/A,Test kit,100,4327,302890,70,0.7,,Inverness Japan,Yes,986,26574.61,expensive,484.62
45,Tanzania,PMO - US,Direct Drop,EXW,Air,0,No,ARV,Adult,Aurobindo Pharma Limited,"Nevirapine 200mg, tablets, 60 Tabs",Nevirapine,Generic,200mg,Tablet,60,16667,60834.55,3.65,0.06,,"Aurobindo Unit III, India",Yes,1478,6212.41,expensive,
2808,Ethiopia,PMO - US,Direct Drop,EXW,Air,1,Yes,ARV,Adult,Aurobindo Pharma Limited,"Stavudine 30mg, capsules, 60 Caps",Stavudine,Generic,30mg,Capsule,60,35065,54350.75,1.55,0.03,,"Aurobindo Unit III, India",Yes,2318,6755.81,expensive,86.96
20560,Ghana,PMO - US,Direct Drop,FCA,Air,0,No,ARV,Pediatric,ABBVIE LOGISTICS (FORMERLY ABBOTT LOGISTICS BV),"Lopinavir/Ritonavir 100/25mg [Aluvia], tablets, 60 Tabs",Lopinavir/Ritonavir,Generic,100/25mg,Tablet,60,448,2661.12,5.94,0.1,,ABBVIE Ludwigshafen Germany,Yes,63,1317.82,reasonable,2.74
66374,South Africa,PMO - US,Direct Drop,DDP,Ocean,0,No,ARV,Adult,STRIDES ARCOLAB LIMITED,"Nevirapine 200mg, tablets, 60 Tabs",Nevirapine,Generic,200mg,Tablet,60,116000,327120,2.82,0.05,,"Strides, Bangalore, India.",Yes,7193,8559.24,expensive,705.27
9874,Vietnam,PMO - US,Direct Drop,CIP,Air,0,No,ARV,Pediatric,BRISTOL-MYERS SQUIBB,"Didanosine 25mg [Videx], chewable tablets, 60 Tabs",Didanosine,Videx,25mg,Chewable/dispersible tablet,60,240,1680,7,0.12,,"BMS Meymac, France",Yes,52,1516.05,reasonable,3.29
28190,South Africa,PMO - US,Direct Drop,DDP,Ocean,0,No,ARV,Adult,Aurobindo Pharma Limited,"Zidovudine 300mg, tablets, 60 Tabs",Zidovudine,Generic,300mg,Tablet,60,100000,730000,7.3,0.12,,"Aurobindo Unit III, India",Yes,5177,10405.58,expensive,1204.5
29725,Haiti,PMO - US,Direct Drop,EXW,Ocean,0,No,ARV,Adult,Aurobindo Pharma Limited,"Efavirenz/Lamivudine/Tenofovir Disoproxil Fumarate 600/300/300mg, tablets, 30 Tabs",Efavirenz/Lamivudine/Tenofovir Disoproxil Fumarate,Generic,600/300/300mg,Tablet - FDC,30,26010,273105,10.5,0.35,,"Aurobindo Unit VII, IN",Yes,3619,10101.17,expensive,280.75
59704,South Africa,PMO - US,Direct Drop,DDP,Ocean,0,No,ARV,Pediatric,Aurobindo Pharma Limited,"Nevirapine 10mg/ml, oral suspension w/syringe, Bottle, 240 ml",Nevirapine,Generic,10mg/ml,Oral suspension,240,5590,11850.8,2.12,0.01,,"Aurobindo Unit III, India",Yes,2068,3961.69,reasonable,19.55
535,Tanzania,PMO - US,Direct Drop,CIP,Air,0,No,ARV,Adult,BRISTOL-MYERS SQUIBB,"Didanosine EC 400mg [Videx EC], delayed-release capsules, Blister 3 x 10 Caps",Didanosine EC,Videx EC,400mg,Delayed-release capsules - blister,30,2597,61470.99,23.67,0.79,,"BMS Meymac, France",Yes,117,645.1,reasonable,98.35
43430,South Africa,PMO - US,Direct Drop,DDP,Ocean,0,No,ARV,Adult,CIPLA LIMITED,"Tenofovir Disoproxil Fumarate 300mg, tablets, 30 Tabs",Tenofovir Disoproxil Fumarate,Generic,300mg,Tablet,30,105707,725150.02,6.86,0.23,,"Cipla, Goa, India",Yes,7092,7704.77,expensive,1196.5
42038,Kenya,PMO - US,Direct Drop,EXW,Air,1,Yes,HRDT,HIV test,"Orgenics, Ltd","HIV 1/2, Determine Complete HIV Kit, 100 Tests","HIV 1/2, Determine Complete HIV Kit",Determine,N/A,Test kit,100,7888,631040,80,0.8,,Inverness Japan,Yes,1357,12965.93,expensive,1360.52
10085,Ethiopia,PMO - US,Direct Drop,EXW,Air,0,No,HRDT,HIV test,"CHEMBIO DIAGNOSTIC SYSTEMS, INC.","HIV 1/2, Stat-Pak HIV, Kit, 20 Tests","HIV 1/2, Stat-Pak HIV, Kit",Stat-Pak,N/A,Test kit,20,9325,251775,27,1.35,,Chembio Diagnostics Sys. Inc.,Yes,3061,15288.75,expensive,493.48
80872,Cote d'Ivoire,PMO - US,Direct Drop,EXW,Air,0,No,HRDT,HIV test,"Standard Diagnostics, Inc.","HIV 1/2, Bioline 3.0 Kit, Lancets, Capillary pipets, Alcohol swabs included, 25 Tests","HIV 1/2, Bioline 3.0 Kit, Lancets, Capillary pipets, Alcohol swabs included",Bioline,N/A,Test kit,25,1400,28700,20.5,0.82,,"Standard Diagnostics, Korea",Yes,469,5463.16,expensive,35.5
81050,Uganda,PMO - US,Direct Drop,EXW,Ocean,0,No,ARV,Adult,STRIDES ARCOLAB LIMITED,"Efavirenz 600mg, tablets, 30 Tabs",Efavirenz,Generic,600mg,Tablet,30,63652,203049.88,3.19,0.11,,"Strides, Bangalore, India.",Yes,3963,12961.76,expensive,251.17
78526,Cameroon,PMO - US,Direct Drop,EXW,Air,0,No,ARV,Adult,CIPLA LIMITED,"Lamivudine/Nevirapine/Zidovudine 150/200/300mg, tablets, 60 Tabs",Lamivudine/Nevirapine/Zidovudine,Generic,150/300/200mg,Tablet - FDC,60,62219,520773.03,8.37,0.14,,"Cipla, Goa, India",Yes,8297,60840.32,expensive,730.12
70236,Guatemala,PMO - US,Direct Drop,FCA,Air,0,No,ARV,Adult,Hoffmann-La Roche ltd Basel,"Saquinavir 500mg [Invirase], tablets, 120 Tabs",Saquinavir,Invirase,500mg,Tablet,120,175,41553.18,237.45,1.98,,Roche Basel,Yes,31,566.56,reasonable,68.56
80072,Vietnam,PMO - US,Direct Drop,EXW,Air,0,No,ARV,Adult,MICRO LABS LIMITED,"Lamivudine 150mg, tablets, 60 Tabs",Lamivudine,Generic,150mg,Tablet,60,34900,63169,1.81,0.03,0.02,"Micro labs, Verna, Goa, India",Yes,1588,11413.52,expensive,78.14
28210,Tanzania,PMO - US,Direct Drop,EXW,Air,0,No,ARV,Adult,Aurobindo Pharma Limited,"Efavirenz 600mg, tablets, 30 Tabs",Efavirenz,Generic,600mg,Tablet,30,64980,214434,3.3,0.11,,"Aurobindo Unit III, India",Yes,5578,18826.62,expensive,300.64
19177,Cote d'Ivoire,PMO - US,Direct Drop,EXW,Air,0,No,HRDT,HIV test,"Orgenics, Ltd","HIV 1/2, Determine Complete HIV Kit, 100 Tests","HIV 1/2, Determine Complete HIV Kit",Determine,N/A,Test kit,100,4400,352000,80,0.8,,"Alere Medical Co., Ltd.",Yes,1033,24728.57,expensive,435.42
52206,Haiti,PMO - US,Direct Drop,FCA,Air,0,No,ARV,Pediatric,ABBVIE LOGISTICS (FORMERLY ABBOTT LOGISTICS BV),"Lopinavir/Ritonavir 100/25mg [Aluvia], tablets, 60 Tabs",Lopinavir/Ritonavir,Generic,100/25mg,Tablet,60,300,2712,9.04,0.15,,ABBVIE Ludwigshafen Germany,Yes,44,1075.54,reasonable,5.85
64452,Haiti,PMO - US,Direct Drop,EXW,Air,0,No,ARV,Adult,HETERO LABS LIMITED,"Lamivudine/Stavudine 150/30mg, tablets, 60 Tabs",Lamivudine/Stavudine,Generic,150/30mg,Tablet - FDC,60,384,956.16,2.49,0.04,,Hetero Unit III Hyderabad IN,Yes,30,1180.73,reasonable,1.18
18155,Sudan,PMO - US,Direct Drop,EXW,Air,0,No,HRDT,HIV test,"Trinity Biotech, Plc","HIV 1/2, Uni-Gold HIV Kit, 20 Tests","HIV 1/2, Uni-Gold HIV Kit",Uni-Gold,N/A,Test kit,20,58,1856,32,1.6,,"Trinity Biotech, Plc",Yes,19,594.51,reasonable,3.06
58556,South Africa,PMO - US,Direct Drop,DDP,Ocean,0,No,ARV,Adult,Aurobindo Pharma Limited,"Efavirenz 600mg, tablets, 30 Tabs",Efavirenz,Generic,600mg,Tablet,30,70942,321367.26,4.53,0.15,,"Aurobindo Unit III, India",Yes,6090,11203.81,expensive,692.87
60,Zambia,PMO - US,Direct Drop,CIP,Air,0,No,ARV,Adult,ABBVIE LOGISTICS (FORMERLY ABBOTT LOGISTICS BV),"Lopinavir/Ritonavir 200/50mg [Aluvia], tablets, 120 Tabs",Lopinavir/Ritonavir,Aluvia,200/50mg,Tablet,120,2800,115080,41.1,0.34,,ABBVIE Ludwigshafen Germany,Yes,643,,,
3781,Botswana,PMO - US,Direct Drop,EXW,Air,0,No,HRDT,HIV test,Orasure Technologies Inc.,"HIV 1/2, OraQuick Advance HIV Rapid Antibody Kit, 100 Tests","HIV 1/2, OraQuick Advance HIV Rapid Antibody Kit",OraQuick,N/A,Test kit,100,20,7000,350,3.5,,"Pacific Biotech, Thailand",Yes,48,684.42,reasonable,13.72
44092,Guyana,PMO - US,Direct Drop,EXW,Air,0,No,HRDT,HIV test - Ancillary,"CHEMBIO DIAGNOSTIC SYSTEMS, INC.","HIV 1/2, Stat-Pak Buffer Only, 20 Tests","HIV 1/2, Stat-Pak Buffer Only",Stat-Pak,N/A,Test kit - Ancillary,1,40,100,2.5,2.5,,Chembio Diagnostics Sys. Inc.,Yes,2,281.61,reasonable,0.16
38662,Malawi,PMO - US,Direct Drop,EXW,Air,0,No,HRDT,HIV test,"Orgenics, Ltd","HIV 1/2, Determine Complete HIV Kit, 100 Tests","HIV 1/2, Determine Complete HIV Kit",Determine,N/A,Test kit,100,246,19680,80,0.8,,"Alere Medical Co., Ltd.",Yes,114,3278.11,reasonable,27.59
27049,Ghana,PMO - US,Direct Drop,EXW,Air,0,No,ARV,Adult,HETERO LABS LIMITED,"Lamivudine/Tenofovir Disoproxil Fumarate 300/300mg, tablets, 30 Tabs",Lamivudine/Tenofovir Disoproxil Fumarate,Generic,300/300mg,Tablet - FDC,30,17447,80605.14,4.62,0.15,,Hetero Unit III Hyderabad IN,Yes,1825,10790.63,expensive,82.86
29880,Vietnam,PMO - US,Direct Drop,EXW,Air,0,No,ARV,Adult,HETERO LABS LIMITED,"Lamivudine 150mg, tablets, 60 Tabs",Lamivudine,Generic,150mg,Tablet,60,15400,27720,1.8,0.03,,Hetero Unit III Hyderabad IN,Yes,2486,3775.5,reasonable,32.63
48640,Burundi,PMO - US,Direct Drop,EXW,Air,0,No,HRDT,HIV test,"CHEMBIO DIAGNOSTIC SYSTEMS, INC.","HIV 1/2, Stat-Pak Dipstick Assay Kit, 30 Tests","HIV 1/2, Stat-Pak Dipstick Assay Kit",Stat-Pak,N/A,Test kit,30,594,16394.4,27.6,0.92,,Chembio Diagnostics Sys. Inc.,Yes,63,877.52,reasonable,19.3
68846,Uganda,PMO - US,Direct Drop,EXW,Air,0,No,ARV,Adult,ASPEN PHARMACARE,"Darunavir 300mg [Prezista], tablets, 120 Tabs",Darunavir,Prezista,300mg,Tablet,120,112,10080,90,0.75,,"Aspen-OSD, Port Elizabeth, SA",Yes,16,1000.94,reasonable,19.76
26192,Vietnam,PMO - US,Direct Drop,EXW,Air,0,No,ARV,Adult,MYLAN LABORATORIES LTD (FORMERLY MATRIX LABORATORIES),"Efavirenz/Lamivudine/Tenofovir Disoproxil Fumarate 600/300/300mg, tablets, 30 Tabs",Efavirenz/Lamivudine/Tenofovir Disoproxil Fumarate,Generic,600/300/300mg,Tablet - FDC,30,18616,188952.4,10.15,0.34,,Mylan (formerly Matrix) Nashik,Yes,2101,4384.01,reasonable,194.24
52617,Rwanda,PMO - US,Direct Drop,EXW,Air,0,No,ARV,Adult,Aurobindo Pharma Limited,"Lamivudine/Tenofovir Disoproxil Fumarate 300/300mg, tablets, 30 Tabs",Lamivudine/Tenofovir Disoproxil Fumarate,Generic,300/300mg,Tablet - FDC,30,2800,14980,5.35,0.18,,"Aurobindo Unit VII, IN",Yes,273,2964.49,reasonable,21
7638,Tanzania,PMO - US,Direct Drop,FCA,Air,0,No,ARV,Adult,ABBVIE LOGISTICS (FORMERLY ABBOTT LOGISTICS BV),"Lopinavir/Ritonavir 200/50mg [Aluvia], tablets, 120 Tabs",Lopinavir/Ritonavir,Aluvia,200/50mg,Tablet,120,12560,516216,41.1,0.34,,ABBVIE Ludwigshafen Germany,Yes,3073,12815.42,expensive,1011.78
18316,Zimbabwe,PMO - US,Direct Drop,EXW,Air,0,No,ARV,Pediatric,STRIDES ARCOLAB LIMITED,"Efavirenz 200mg, scored tablets, 90 Tabs",Efavirenz,Generic,200mg,Tablet,90,14164,131725.2,9.3,0.1,,"Strides, Bangalore, India.",Yes,884,8280.73,expensive,135.41
391,Cote d'Ivoire,PMO - US,Direct Drop,EXW,Air,0,No,HRDT,HIV test,BIO-RAD LABORATORIES (FRANCE),"#108853** HIV, Genie II HIV-1/HIV-2 Kit, 40 Tests","HIV, Genie II HIV-1/HIV-2 Kit",Genie,N/A,Test kit,40,476,36176,76,1.9,0.9,Bio-Rad Laboratories,Yes,509,5446.51,expensive,57.88
2328,Haiti,PMO - US,Direct Drop,EXW,Air,0,No,HRDT,HIV test,"Orgenics, Ltd","HIV 1/2, Determine HIV Kit, without Lancets, 100 Tests","HIV 1/2, Determine HIV Kit, without Lancets",Determine,N/A,Test kit,100,1680,117600,70,0.7,,Inverness Japan,Yes,382,3241.06,reasonable,230.5
26250,Kenya,PMO - US,Direct Drop,EXW,Air,0,No,HRDT,HIV test,"Trinity Biotech, Plc","HIV 1/2, Uni-Gold HIV Kit, 20 Tests","HIV 1/2, Uni-Gold HIV Kit",Uni-Gold,N/A,Test kit,20,2000,64000,32,1.6,,"Trinity Biotech, Plc",Yes,682,7258.89,expensive,125.44
64553,Rwanda,PMO - US,Direct Drop,EXW,Air,0,No,ARV,Adult,Aurobindo Pharma Limited,"Abacavir/Lamivudine 600/300mg, tablets, 30 Tabs",Abacavir/Lamivudine,Generic,600/300mg,Tablet - FDC,30,14000,203000,14.5,0.48,,"Aurobindo Unit III, India",Yes,1428,9061.84,expensive,251.11
74465,Haiti,PMO - US,Direct Drop,FCA,Air,0,No,ARV,Pediatric,BRISTOL-MYERS SQUIBB,"Didanosine 50mg [Videx], chewable tablets, 60 Tabs",Didanosine,Videx,50mg,Chewable/dispersible tablet,60,200,1900,9.5,0.16,,"BMS Meymac, France",Yes,94,757.42,reasonable,3.14
1820,Haiti,PMO - US,Direct Drop,EXW,Air,0,No,HRDT,HIV test,"Orgenics, Ltd","HIV 1/2, Determine HIV Kit, without Lancets, 100 Tests","HIV 1/2, Determine HIV Kit, without Lancets",Determine,N/A,Test kit,100,1123,78610,70,0.7,,Inverness Japan,Yes,257,2851.72,reasonable,154.08
63537,Nigeria,PMO - US,Direct Drop,EXW,Air,0,No,HRDT,HIV test,"Orgenics, Ltd","HIV 1/2, Determine Complete HIV Kit, 100 Tests","HIV 1/2, Determine Complete HIV Kit",Determine,N/A,Test kit,100,6133,545837,89,0.89,,"Alere Medical Co., Ltd.",Yes,2483,31306.65,expensive,561.12
29071,Vietnam,PMO - US,Direct Drop,EXW,Air,0,No,ARV,Adult,HETERO LABS LIMITED,"Lamivudine/Zidovudine 150/300mg, tablets, 60 Tabs",Lamivudine/Zidovudine,Generic,150/300mg,Tablet - FDC,60,17240,131886,7.65,0.13,,Hetero Unit III Hyderabad IN,Yes,1496,2480.22,reasonable,184.9
49907,Malawi,PMO - US,Direct Drop,EXW,Ocean,0,No,ARV,Adult,MYLAN LABORATORIES LTD (FORMERLY MATRIX LABORATORIES),"Efavirenz/Lamivudine/Tenofovir Disoproxil Fumarate 600/300/300mg, tablets, 30 Tabs",Efavirenz/Lamivudine/Tenofovir Disoproxil Fumarate,Generic,600/300/300mg,Tablet - FDC,30,60000,689400,11.49,0.38,,Mylan (formerly Matrix) Nashik,Yes,6778,15020.21,expensive,852.79
46323,Ghana,PMO - US,Direct Drop,EXW,Air,0,No,ARV,Pediatric,Aurobindo Pharma Limited,"Nevirapine 10mg/ml, oral suspension, Bottle, 240 ml",Nevirapine,Generic,10mg/ml,Oral suspension,240,2286,3451.86,1.51,0.01,0.009,"Aurobindo Unit III, India",Yes,972,7719,expensive,3.55
40620,Mozambique,PMO - US,Direct Drop,EXW,Air,1,Yes,HRDT,HIV test,"Orgenics, Ltd","HIV 1/2, Determine HIV Kit, without Lancets, 100 Tests","HIV 1/2, Determine HIV Kit, without Lancets",Determine,N/A,Test kit,100,2591,201320.7,77.7,0.78,,Inverness Japan,Yes,994,12838.85,expensive,332.18
4,Cote d'Ivoire,PMO - US,Direct Drop,FCA,Air,0,No,HRDT,HIV test,Abbott GmbH & Co. KG,"HIV 1/2, Determine Complete HIV Kit, 100 Tests","HIV 1/2, Determine Complete HIV Kit",Determine,N/A,Test kit,100,500,40000,80,0.8,,ABBVIE GmbH & Co.KG Wiesbaden,Yes,171,1653.78,reasonable,
37037,Zimbabwe,PMO - US,Direct Drop,EXW,Air Charter,0,No,ARV,Adult,HETERO LABS LIMITED,"Lamivudine/Tenofovir Disoproxil Fumarate 300/300mg, tablets, 30 Tabs",Lamivudine/Tenofovir Disoproxil Fumarate,Generic,300/300mg,Tablet - FDC,30,42336,195592.32,4.62,0.15,,Hetero Unit III Hyderabad IN,Yes,4601,28788.73,expensive,201.07
56962,Mozambique,PMO - US,Direct Drop,EXW,Ocean,0,No,HRDT,HIV test,"Trinity Biotech, Plc","HIV 1/2, Uni-Gold HIV Kit, 20 Tests","HIV 1/2, Uni-Gold HIV Kit",Uni-Gold,N/A,Test kit,20,7400,236800,32,1.6,,"Trinity Biotech, Plc",Yes,2471,33872.84,expensive,390.72
67057,Rwanda,PMO - US,Direct Drop,EXW,Air,0,No,HRDT,HIV test,"Orgenics, Ltd","HIV 1/2, Determine Complete HIV Kit, 100 Tests","HIV 1/2, Determine Complete HIV Kit",Determine,N/A,Test kit,100,1891,151280,80,0.8,,"Alere Medical Co., Ltd.",Yes,766,14125.63,expensive,155.52
34028,Rwanda,PMO - US,Direct Drop,CIP,Air,0,No,ARV,Adult,HETERO LABS LIMITED,"Lamivudine 150mg, tablets, 60 Tabs",Lamivudine,Generic,150mg,Tablet,60,4500,11655,2.59,0.04,,Hetero Unit III Hyderabad IN,Yes,277,1393.42,reasonable,22.84
1283,Vietnam,PMO - US,Direct Drop,EXW,Air,0,No,ARV,Adult,STRIDES ARCOLAB LIMITED,"Stavudine 30mg, capsules, 60 Caps",Stavudine,Generic,30mg,Capsule,60,95500,144205,1.51,0.03,,"Strides, Bangalore, India.",Yes,9170,42453.21,expensive,
34459,Vietnam,PMO - US,Direct Drop,EXW,Air,0,No,ARV,Adult,HETERO LABS LIMITED,"Lamivudine/Zidovudine 150/300mg, tablets, 60 Tabs",Lamivudine/Zidovudine,Generic,150/300mg,Tablet - FDC,60,7760,59364,7.65,0.13,,Hetero Unit III Hyderabad IN,Yes,675,1587.92,reasonable,83.23
75703,Tanzania,PMO - US,Direct Drop,EXW,Air,0,No,HRDT,HIV test,"Trinity Biotech, Plc","HIV 1/2, Uni-Gold HIV Kit, 20 Tests","HIV 1/2, Uni-Gold HIV Kit",Uni-Gold,N/A,Test kit,20,168,5376,32,1.6,,"Trinity Biotech, Plc",Yes,55,1112.11,reasonable,5.53
72922,Tanzania,PMO - US,Direct Drop,EXW,Air,0,No,HRDT,HIV test,"Standard Diagnostics, Inc.","HIV 1/2, Determine Complete HIV Kit, 100 Tests","HIV 1/2, Determine Complete HIV Kit",Determine,N/A,Test kit,100,3781,0,0,0,0,"Alere Medical Co., Ltd.",Yes,1642,25778.9,expensive,0
56057,Nigeria,PMO - US,Direct Drop,EXW,Air,0,No,HRDT,HIV test,"Orgenics, Ltd","HIV 1/2, Determine Complete HIV Kit, 100 Tests","HIV 1/2, Determine Complete HIV Kit",Determine,N/A,Test kit,100,6388,568532,89,0.89,,"Alere Medical Co., Ltd.",Yes,2590,,,669.16
52704,Uganda,PMO - US,Direct Drop,EXW,Air,0,No,ARV,Pediatric,EMCURE PHARMACEUTICALS LTD,"Atazanavir 150mg, capsules, 60 Caps",Atazanavir,Generic,150mg,Capsule,60,384,10018.56,26.09,0.43,,"Emcure Plot No.P-2, I.T-B.T. Park, Phase II, MIDC, Hinjwadi, Pune, India",Yes,40,990.07,reasonable,19.64
39606,Mozambique,PMO - US,Direct Drop,EXW,Air,0,No,HRDT,HIV test,"Trinity Biotech, Plc","HIV 1/2, Uni-Gold HIV Kit, 20 Tests","HIV 1/2, Uni-Gold HIV Kit",Uni-Gold,N/A,Test kit,20,2360,75520,32,1.6,,"Trinity Biotech, Plc",Yes,1636,21087.7,expensive,162.82
76069,"Congo, DRC",PMO - US,Direct Drop,EXW,Air,0,No,HRDT,HIV test,"Trinity Biotech, Plc","HIV 1/2, Uni-Gold HIV Kit, 20 Tests","HIV 1/2, Uni-Gold HIV Kit",Uni-Gold,N/A,Test kit,20,469,15008,32,1.6,,"Trinity Biotech, Plc",Yes,170,3125.65,reasonable,18.56
17944,South Africa,PMO - US,Direct Drop,DDP,Air,1,Yes,ARV,Adult,CIPLA LIMITED,"Tenofovir Disoproxil Fumarate 300mg, tablets, 30 Tabs",Tenofovir Disoproxil Fumarate,Generic,300mg,Tablet,30,47625,372427.5,7.82,0.26,,"Cipla, Goa, India",Yes,3243,1881.24,reasonable,802.95
27942,Angola,PMO - US,Direct Drop,FCA,Air,0,No,ARV,Pediatric,ABBVIE LOGISTICS (FORMERLY ABBOTT LOGISTICS BV),"Lopinavir/Ritonavir 80/20mg/ml [Kaletra], oral solution, cool, Bottle 5 x 60 ml",Lopinavir/Ritonavir,Kaletra,80/20mg/ml,Oral solution,300,480,14793.6,30.82,0.1,,ABBVIE (Abbott) Logis. UK,Yes,492,4281.43,reasonable,18.3
39589,Haiti,PMO - US,Direct Drop,EXW,Air,0,No,ARV,Adult,CIPLA LIMITED,"Lamivudine/Tenofovir Disoproxil Fumarate 300/300mg, tablets, 30 Tabs",Lamivudine/Tenofovir Disoproxil Fumarate,Generic,300/300mg,Tablet - FDC,30,8806,40419.54,4.59,0.15,0.12,"Cipla, Kurkumbh, India",Yes,979,6161.47,expensive,41.55
75751,Vietnam,PMO - US,Direct Drop,EXW,Air,0,No,ARV,Adult,Aurobindo Pharma Limited,"Zidovudine 300mg, tablets, 60 Tabs",Zidovudine,Generic,300mg,Tablet,60,336,2436,7.25,0.12,,"Aurobindo Unit III, India",Yes,19,8495.83,expensive,5.25
67703,Cote d'Ivoire,PMO - US,Direct Drop,FCA,Air,0,No,ARV,Adult,ABBVIE LOGISTICS (FORMERLY ABBOTT LOGISTICS BV),"Ritonavir 100mg [Norvir], film coated tablets, 60 Tabs",Ritonavir,Norvir,100mg,Tablet,60,3000,20550,6.85,0.11,,ABBVIE Ludwigshafen Germany,Yes,385,3765.28,reasonable,21.13
66307,Vietnam,PMO - US,Direct Drop,EXW,Air,0,No,ARV,Adult,MYLAN LABORATORIES LTD (FORMERLY MATRIX LABORATORIES),"Efavirenz/Lamivudine/Tenofovir Disoproxil Fumarate 600/300/300mg, tablets, 30 Tabs",Efavirenz/Lamivudine/Tenofovir Disoproxil Fumarate,Generic,600/300/300mg,Tablet - FDC,30,32673,375412.77,11.49,0.38,,Mylan (formerly Matrix) Nashik,Yes,3425,11077.85,expensive,464.39
21706,Cameroon,PMO - US,Direct Drop,EXW,Air,0,No,ARV,Adult,CIPLA LIMITED,"Lamivudine/Zidovudine 150/300mg, tablets, 60 Tabs",Lamivudine/Zidovudine,Generic,150/300mg,Tablet - FDC,60,47268,311496.12,6.59,0.11,,"Cipla, Goa, India",Yes,4549,36166.79,expensive,385.32
48741,Cote d'Ivoire,PMO - US,Direct Drop,EXW,Air,0,No,ARV,Pediatric,CIPLA LIMITED,"Nevirapine 50mg, dispersible tablets, 60 Tabs",Nevirapine,Generic,50mg,Chewable/dispersible tablet,60,3900,7215,1.85,0.03,,"Cipla, Patalganga, India",Yes,321,3740.01,reasonable,7.42
2502,Kenya,PMO - US,Direct Drop,EXW,Air,0,No,HRDT,HIV test,"Trinity Biotech, Plc","HIV 1/2, Uni-Gold HIV Kit, 20 Tests","HIV 1/2, Uni-Gold HIV Kit",Uni-Gold,N/A,Test kit,20,5,160,32,1.6,,"Trinity Biotech, Plc",Yes,2,12561.4,expensive,0.31
9933,Ethiopia,PMO - US,Direct Drop,EXW,Air,0,No,HRDT,HIV test,"SHANGHAI KEHUA BIOENGINEERING CO.,LTD.  (KHB)","HIV 1/2, SKB Colloidal Gold, Diagnostic Kit, Antibody, 50 Tests","HIV 1/2, Colloidal Gold, Diagnostic Kit, Antibody",Colloidal Gold,N/A,Test kit,1,6998,160954,23,23,,"KHB Test Kit Facility, Shanghai China",Yes,5056,44360.44,expensive,315.47
29479,Vietnam,PMO - US,Direct Drop,EXW,Air,0,No,ARV,Adult,MYLAN LABORATORIES LTD (FORMERLY MATRIX LABORATORIES),"Abacavir 300mg, tablets, 60 Tabs",Abacavir,Generic,300mg,Tablet,60,900,9981,11.09,0.18,,Mylan (formerly Matrix) Nashik,Yes,100,2504.65,reasonable,10.26
61998,Ethiopia,PMO - US,Direct Drop,EXW,Air,0,No,HRDT,HIV test,"CHEMBIO DIAGNOSTIC SYSTEMS, INC.","HIV 1/2, Stat-Pak HIV, Kit, 20 Tests","HIV 1/2, Stat-Pak HIV, Kit",Stat-Pak,N/A,Test kit,20,340,9860,29,1.45,,Chembio Diagnostics Sys. Inc.,Yes,128,810.96,reasonable,13.82
38045,Haiti,PMO - US,Direct Drop,EXW,Air,0,No,ARV,Pediatric,Aurobindo Pharma Limited,"Nevirapine 50mg, dispersible tablets (tablets for oral suspension), 30 Tabs",Nevirapine,Generic,50mg,Chewable/dispersible tablet,30,2118,2647.5,1.25,0.04,,"Aurobindo Unit III, India",Yes,134,1987.82,reasonable,2.72
18980,Tanzania,PMO - US,Direct Drop,EXW,Air,0,No,HRDT,HIV test,"Orgenics, Ltd","HIV 1/2, Determine Complete HIV Kit, 100 Tests","HIV 1/2, Determine Complete HIV Kit",Determine,N/A,Test kit,100,336,26880,80,0.8,,"Alere Medical Co., Ltd.",Yes,139,2234.96,reasonable,27.63
72981,South Africa,PMO - US,Direct Drop,DDP,Ocean,1,Yes,ARV,Adult,EMCURE PHARMACEUTICALS LTD,"Efavirenz 600mg, tablets, 30 Tabs",Efavirenz,Generic,600mg,Tablet,30,47963,206240.9,4.3,0.14,,"Emcure Plot No.P-2, I.T-B.T. Park, Phase II, MIDC, Hinjwadi, Pune, India",Yes,3789,9582.55,expensive,340.3
63939,Cote d'Ivoire,PMO - US,Direct Drop,EXW,Air,0,No,HRDT,HIV test,"CHEMBIO DIAGNOSTIC SYSTEMS, INC.","HIV 1/2, Stat-Pak HIV, Kit, 20 Tests","HIV 1/2, Stat-Pak HIV, Kit",Stat-Pak,N/A,Test kit,20,167,4843,29,1.45,,Chembio Diagnostics Sys. Inc.,Yes,50,1128.74,reasonable,7.99
39556,Namibia,PMO - US,Direct Drop,EXW,Air,0,No,HRDT,HIV test,"Trinity Biotech, Plc","HIV 1/2, Uni-Gold HIV Kit, 20 Tests","HIV 1/2, Uni-Gold HIV Kit",Uni-Gold,N/A,Test kit,20,750,24000,32,1.6,,"Trinity Biotech, Plc",Yes,248,6654.24,expensive,39.6
19344,Guyana,PMO - US,Direct Drop,EXW,Air,0,No,ARV,Pediatric,CIPLA LIMITED,"Lamivudine/Nevirapine/Stavudine 60/100/12mg, dispersible tablets, 60 Tabs",Lamivudine/Nevirapine/Stavudine,Generic,60/100/12mg,Chewable/dispersible tablet - FDC,60,90,387,4.3,0.07,,"Cipla, Goa, India",Yes,9,541.88,reasonable,0.83
39647,Vietnam,PMO - US,Direct Drop,EXW,Air,0,No,ARV,Adult,Aurobindo Pharma Limited,"Lamivudine/Nevirapine/Zidovudine 150/200/300mg, tablets, 60 Tabs",Lamivudine/Nevirapine/Zidovudine,Generic,150/300/200mg,Tablet - FDC,60,20000,219000,10.95,0.18,,"Aurobindo Unit III, India",Yes,2675,9656.19,expensive,361.35
77293,South Africa,PMO - US,Direct Drop,DDP,Air,0,No,ARV,Pediatric,Aurobindo Pharma Limited,"Nevirapine 10mg/ml, oral suspension w/syringe, Bottle, 240 ml",Nevirapine,Generic,10mg/ml,Oral suspension,240,10000,31500,3.15,0.01,,"Aurobindo Unit III, India",Yes,3869,4088.43,reasonable,67.91
42334,Sudan,PMO - US,Direct Drop,EXW,Air,0,No,HRDT,HIV test,"Standard Diagnostics, Inc.","HIV 1/2, Bioline 3.0 Kit, Lancets, Capillary pipets, Alcohol swabs included, 25 Tests","HIV 1/2, Bioline 3.0 Kit, Lancets, Capillary pipets, Alcohol swabs included",Bioline,N/A,Test kit,25,60,1200,20,0.8,,"Standard Diagnostics, Korea",Yes,353,3843.25,reasonable,2.59
34718,Cote d'Ivoire,PMO - US,Direct Drop,FCA,Air,0,No,ARV,Pediatric,LAWRENCE LABORATORIES (SUBSIDIARY OF BRISTOL MYERS SQUIBB),"Didanosine 25mg [Videx], chewable tablets, 60 Tabs",Didanosine,Videx,25mg,Chewable/dispersible tablet,60,1515,10605,7,0.12,0.5,Bristol-Myers Squibb Anagni IT,Yes,338,2864.63,reasonable,10.9
72776,Guyana,PMO - US,Direct Drop,EXW,Air,0,No,HRDT,HIV test,"Trinity Biotech, Plc","HIV 1/2, Uni-Gold HIV Kit, 20 Tests","HIV 1/2, Uni-Gold HIV Kit",Uni-Gold,N/A,Test kit,20,1975,63200,32,1.6,,"Trinity Biotech, Plc",Yes,659,9106.51,expensive,104.28
28617,Cote d'Ivoire,PMO - US,Direct Drop,EXW,Air,0,No,HRDT,HIV test,"Orgenics, Ltd","HIV 1/2, Determine Complete HIV Kit, 100 Tests","HIV 1/2, Determine Complete HIV Kit",Determine,N/A,Test kit,100,1384,110720,80,0.8,,"Alere Medical Co., Ltd.",Yes,661,13740.74,expensive,182.69
37157,Mozambique,PMO - US,Direct Drop,EXW,Air,0,No,HRDT,HIV test,"Orgenics, Ltd","HIV 1/2, Determine Complete HIV Kit, 100 Tests","HIV 1/2, Determine Complete HIV Kit",Determine,N/A,Test kit,100,120,9600,80,0.8,,Inverness Japan,Yes,55,3267.66,reasonable,15.84
54676,South Africa,PMO - US,Direct Drop,DDP,Air,0,No,ARV,Adult,Aurobindo Pharma Limited,"Lamivudine 150mg, tablets, 60 Tabs",Lamivudine,Generic,150mg,Tablet,60,67120,169813.6,2.53,0.04,,"Aurobindo Unit III, India",Yes,3230,4116.81,reasonable,366.12
39242,Kenya,PMO - US,Direct Drop,EXW,Air,0,No,HRDT,HIV test,"Orgenics, Ltd","HIV 1/2, Determine Complete HIV Kit, 100 Tests","HIV 1/2, Determine Complete HIV Kit",Determine,N/A,Test kit,100,3,240,80,0.8,,Inverness Japan,Yes,1411,13150.21,expensive,0.52
21557,Zimbabwe,PMO - US,Direct Drop,FCA,Air,0,No,ARV,Pediatric,ABBVIE LOGISTICS (FORMERLY ABBOTT LOGISTICS BV),"Lopinavir/Ritonavir 80/20mg/ml [Kaletra], oral solution, cool, Bottle 5 x 60 ml",Lopinavir/Ritonavir,Kaletra,80/20mg/ml,Oral solution,300,846,26073.72,30.82,0.1,,ABBVIE (Abbott) Logis. UK,Yes,798,9299.26,expensive,36.56
46005,Rwanda,PMO - US,Direct Drop,CIP,Air,0,No,ARV,Pediatric,CIPLA LIMITED,"Lamivudine 10mg/ml, oral solution, Bottle, 240 ml",Lamivudine,Generic,10mg/ml,Oral solution,240,9565,18651.75,1.95,0.01,,"Cipla, Goa, India",Yes,6490,3010.89,reasonable,26.15
38308,Haiti,PMO - US,Direct Drop,EXW,Air,0,No,ARV,Pediatric,Aurobindo Pharma Limited,"Nevirapine 50mg, dispersible tablets (tablets for oral suspension), 30 Tabs",Nevirapine,Generic,50mg,Chewable/dispersible tablet,30,2303,2878.75,1.25,0.04,,"Aurobindo Unit III, India",Yes,143,2251.42,reasonable,3.39
57087,Uganda,PMO - US,Direct Drop,EXW,Air,0,No,ARV,Adult,MYLAN LABORATORIES LTD (FORMERLY MATRIX LABORATORIES),"Atazanavir/Ritonavir 300/100mg, tablets, 30 Tabs",Atazanavir/Ritonavir,Generic,300/100mg,Tablet,30,3115,62300,20,0.67,,Mylan (formerly Matrix) Nashik,Yes,420,2335.73,reasonable,64.04
67776,Vietnam,PMO - US,Direct Drop,EXW,Air,0,No,ARV,Adult,STRIDES ARCOLAB LIMITED,"Stavudine 30mg, capsules, 60 Caps",Stavudine,Generic,30mg,Capsule,60,672,940.8,1.4,0.02,,"Strides, Bangalore, India.",Yes,32,1701.1,reasonable,2.03
78329,Cote d'Ivoire,PMO - US,Direct Drop,EXW,Air,0,No,HRDT,HIV test,"CHEMBIO DIAGNOSTIC SYSTEMS, INC.","HIV 1/2, Stat-Pak HIV, Kit, 20 Tests","HIV 1/2, Stat-Pak HIV, Kit",Stat-Pak,N/A,Test kit,20,2424,70296,29,1.45,,Chembio Diagnostics Sys. Inc.,Yes,621,7811.66,expensive,98.55
21843,South Africa,PMO - US,Direct Drop,DDP,Ocean,0,No,ARV,Adult,Aurobindo Pharma Limited,"Lamivudine/Zidovudine 150/300mg, tablets, 60 Tabs",Lamivudine/Zidovudine,Generic,150/300mg,Tablet - FDC,60,50000,421000,8.42,0.14,,"Aurobindo Unit III, India",Yes,4603,8033.13,expensive,694.65
23939,South Africa,PMO - US,Direct Drop,DDP,Ocean,0,No,ARV,Adult,Aurobindo Pharma Limited,"Efavirenz 600mg, tablets, 30 Tabs",Efavirenz,Generic,600mg,Tablet,30,249500,1125245,4.51,0.15,0.12,"Aurobindo Unit III, India",Yes,21205,25129.15,expensive,1856.65
81909,Nigeria,PMO - US,Direct Drop,EXW,Air,0,No,HRDT,HIV test,"Orgenics, Ltd","HIV 1/2, Determine Complete HIV Kit, 100 Tests","HIV 1/2, Determine Complete HIV Kit",Determine,N/A,Test kit,100,3031,269759,89,0.89,,"Alere Medical Co., Ltd.",Yes,1231,20705.23,expensive,333.69
63579,South Sudan,PMO - US,Direct Drop,EXW,Air,0,No,HRDT,HIV test,"Trinity Biotech, Plc","HIV 1/2, Uni-Gold HIV Kit, 20 Tests","HIV 1/2, Uni-Gold HIV Kit",Uni-Gold,N/A,Test kit,20,125,4000,32,1.6,,"Trinity Biotech, Plc",Yes,41,1441.21,reasonable,4.95
60811,Uganda,PMO - US,Direct Drop,FCA,Air,0,No,ARV,Adult,ABBVIE LOGISTICS (FORMERLY ABBOTT LOGISTICS BV),"Ritonavir 100mg [Norvir], capsules, cool, 4 x 84 Caps",Ritonavir,Norvir,100mg,Capsule,336,15,575.4,38.36,0.11,,ABBVIE (Abbott) Logis. UK,Yes,53,708.2,reasonable,1.24
7122,Vietnam,PMO - US,Direct Drop,EXW,Air,0,No,ARV,Adult,STRIDES ARCOLAB LIMITED,"Stavudine 30mg, capsules, 60 Caps",Stavudine,Generic,30mg,Capsule,60,9275,13448.75,1.45,0.02,,"Strides, Bangalore, India.",Yes,432,7444.35,expensive,21.52
40373,Tanzania,PMO - US,Direct Drop,EXW,Air,0,No,HRDT,HIV test,"Trinity Biotech, Plc","HIV 1/2, Uni-Gold HIV Kit, 20 Tests","HIV 1/2, Uni-Gold HIV Kit",Uni-Gold,N/A,Test kit,20,30,960,32,1.6,,"Trinity Biotech, Plc",Yes,10,910.73,reasonable,1.58
72193,South Africa,PMO - US,Direct Drop,DDP,Ocean,0,No,ARV,Adult,Aurobindo Pharma Limited,"Efavirenz 600mg, tablets, 30 Tabs",Efavirenz,Generic,600mg,Tablet,30,64260,289812.6,4.51,0.15,,"Aurobindo Unit III, India",Yes,5623,630.5,reasonable,624.84
39933,Vietnam,PMO - US,Direct Drop,EXW,Air,0,No,ARV,Adult,MYLAN LABORATORIES LTD (FORMERLY MATRIX LABORATORIES),"Lamivudine/Zidovudine 150/300mg, tablets, 60 Tabs",Lamivudine/Zidovudine,Generic,150/300mg,Tablet - FDC,60,16800,109032,6.49,0.11,,Mylan (formerly Matrix) Nashik,Yes,1456,2984,reasonable,112.08
62403,"Congo, DRC",PMO - US,Direct Drop,EXW,Air,0,No,HRDT,HIV test - Ancillary,"Orgenics, Ltd","Chase Buffer, Determine, 100 Tests, 2.5ml x 1 Vial","Chase Buffer, Determine, 100 Tests, 2.5ml x 1 Vial",Determine,N/A,Test kit - Ancillary,1,3511,17555,5,5,,"Alere Medical Co., Ltd.",Yes,981,22892.07,expensive,21.72
58958,Tanzania,PMO - US,Direct Drop,FCA,Air,0,No,ARV,Pediatric,ABBVIE LOGISTICS (FORMERLY ABBOTT LOGISTICS BV),"Lopinavir/Ritonavir 80/20mg/ml [Kaletra], oral solution, cool, Bottle 5 x 60 ml",Lopinavir/Ritonavir,Kaletra,80/20mg/ml,Oral solution,300,68,2095.76,30.82,0.1,,ABBVIE (Abbott) Logis. UK,Yes,116,1818.56,reasonable,2.94
35678,"Congo, DRC",PMO - US,Direct Drop,EXW,Air,0,No,HRDT,HIV test,"Orgenics, Ltd","HIV 1/2, DoubleCheck Gold Kit, 20 Tests","HIV 1/2, DoubleCheck Gold Kit",DoubleCheck,N/A,Test kit,20,196,7157.92,36.52,1.83,,"Alere Medical Co., Ltd.",Yes,47,4449.1,reasonable,10.04
20432,South Africa,PMO - US,Direct Drop,DDP,Ocean,1,Yes,ARV,Adult,Aurobindo Pharma Limited,"Efavirenz 600mg, tablets, 30 Tabs",Efavirenz,Generic,600mg,Tablet,30,106589,480716.39,4.51,0.15,,"Aurobindo Unit III, India",Yes,9061,9323.3,expensive,793.18
3050,Cote d'Ivoire,PMO - US,Direct Drop,EXW,Air,0,No,HRDT,HIV test,"Orgenics, Ltd","HIV 1/2, Determine HIV Kit, without Lancets, 100 Tests","HIV 1/2, Determine HIV Kit, without Lancets",Determine,N/A,Test kit,100,1116,78120,70,0.7,,Inverness Japan,Yes,255,5303.05,expensive,124.99
34781,South Africa,PMO - US,Direct Drop,DDP,Ocean,0,No,ARV,Adult,Aurobindo Pharma Limited,"Tenofovir Disoproxil Fumarate 300mg, tablets, 30 Tabs",Tenofovir Disoproxil Fumarate,Generic,300mg,Tablet,30,54245,360729.25,6.65,0.22,,"Aurobindo Unit III, India",Yes,5063,10748.74,expensive,595.2
140,Tanzania,PMO - US,Direct Drop,EXW,Air,0,No,HRDT,HIV test,"Standard Diagnostics, Inc.","HIV 1/2, Bioline 3.0 Kit, Lancets, Capillary pipets, Alcohol swabs included, 25 Tests","HIV 1/2, Bioline 3.0 Kit, Lancets, Capillary pipets, Alcohol swabs included",Bioline,N/A,Test kit,25,10000,200000,20,0.8,,"Standard Diagnostics, Korea",Yes,3335,28359.8,expensive,320
70230,Rwanda,PMO - US,Direct Drop,EXW,Air,0,No,HRDT,HIV test,"Orgenics, Ltd","HIV 1/2, Determine HIV Kit, without Lancets, 100 Tests","HIV 1/2, Determine HIV Kit, without Lancets",Determine,N/A,Test kit,100,5085,355950,70,0.7,,Inverness Japan,Yes,1154,46723.42,expensive,697.66
1162,Cote d'Ivoire,PMO - US,Direct Drop,EXW,Air,0,No,HRDT,HIV test,BIO-RAD LABORATORIES (FRANCE),"#108853** HIV, Genie II HIV-1/HIV-2 Kit, 40 Tests","HIV, Genie II HIV-1/HIV-2 Kit",Genie,N/A,Test kit,40,1000,110000,110,2.75,,Bio-Rad Laboratories,Yes,1101,8074.03,expensive,215.6
50901,Uganda,PMO - US,Direct Drop,EXW,Air,0,No,HRDT,HIV test,"Orgenics, Ltd","HIV 1/2, Determine Complete HIV Kit, 100 Tests","HIV 1/2, Determine Complete HIV Kit",Determine,N/A,Test kit,100,6000,480000,80,0.8,,"Alere Medical Co., Ltd.",Yes,2432,23178.68,expensive,493.44
43390,South Africa,PMO - US,Direct Drop,DDP,Air,0,No,ARV,Pediatric,GLAXOSMITHKLINE EXPORT LIMITED,"Abacavir 20mg/ml [Ziagen], oral solution, Bottle, 240 ml",Abacavir,Ziagen,20mg/ml,Oral solution,240,60000,601200,10.02,0.04,,GSK Mississauga (Canada),Yes,22956,27372.24,expensive,991.98
69925,Kenya,PMO - US,Direct Drop,EXW,Air,0,No,HRDT,HIV test,"Standard Diagnostics, Inc.","HIV 1/2, Bioline 3.0 Kit, Lancets, Capillary pipets, Alcohol swabs included, 25 Tests","HIV 1/2, Bioline 3.0 Kit, Lancets, Capillary pipets, Alcohol swabs included",Bioline,N/A,Test kit,25,15304,306080,20,0.8,,"Standard Diagnostics, Korea",Yes,5102,33718.08,expensive,505.03
21752,Vietnam,PMO - US,Direct Drop,EXW,Air,0,No,ARV,Adult,Aurobindo Pharma Limited,"Didanosine 250mg, delayed-release capsules, 30 Caps",Didanosine,Generic,250mg,Delayed-release capsules,30,252,3276,13,0.43,,"Aurobindo Unit III, India",Yes,1553,13320.8,expensive,7.06
17717,Guyana,PMO - US,Direct Drop,EXW,Air,0,No,ARV,Adult,HETERO LABS LIMITED,"Emtricitabine/Tenofovir Disoproxil Fumarate 200/300mg, tablets, 30 Tabs",Emtricitabine/Tenofovir Disoproxil Fumarate,Generic,200/300mg,Tablet - FDC,30,3715,20766.85,5.59,0.19,,Hetero Unit III Hyderabad IN,Yes,385,3248.6,reasonable,24.44
15772,Vietnam,PMO - US,Direct Drop,EXW,Air,0,No,ARV,Adult,Aurobindo Pharma Limited,"Lamivudine/Nevirapine/Zidovudine 150/200/300mg, tablets, 60 Tabs",Lamivudine/Nevirapine/Zidovudine,Generic,150/300/200mg,Tablet - FDC,60,30000,313500,10.45,0.17,,"Aurobindo Unit III, India",Yes,10210,17392.05,expensive,517.28
15813,Mozambique,PMO - US,Direct Drop,EXW,Air,0,No,ARV,Adult,HETERO LABS LIMITED,"Lamivudine/Nevirapine/Zidovudine 150/200/300mg, tablets, 60 Tabs",Lamivudine/Nevirapine/Zidovudine,Generic,150/300/200mg,Tablet - FDC,60,23040,186854.4,8.11,0.14,,Hetero Unit III Hyderabad IN,Yes,3138,16537.12,expensive,192.09
67191,Uganda,PMO - US,Direct Drop,FCA,Air,0,No,ARV,Adult,ABBVIE LOGISTICS (FORMERLY ABBOTT LOGISTICS BV),"Ritonavir 100mg [Norvir], capsules, cool, 4 x 84 Caps",Ritonavir,Norvir,100mg,Capsule,336,44,1687.84,38.36,0.11,,ABBVIE (Abbott) Logis. UK,Yes,116,985.78,reasonable,3.31
19512,Vietnam,PMO - US,Direct Drop,EXW,Air,0,No,ARV,Adult,MYLAN LABORATORIES LTD (FORMERLY MATRIX LABORATORIES),"Efavirenz/Lamivudine/Tenofovir Disoproxil Fumarate 600/300/300mg, tablets, 30 Tabs",Efavirenz/Lamivudine/Tenofovir Disoproxil Fumarate,Generic,600/300/300mg,Tablet - FDC,30,5451,76859.1,14.1,0.47,,Mylan (formerly Matrix) Nashik,Yes,1675,3401.49,reasonable,126.82
8737,Namibia,PMO - US,Direct Drop,EXW,Air,0,No,HRDT,HIV test,"Trinity Biotech, Plc","HIV 1/2, Uni-Gold HIV Kit, 20 Tests","HIV 1/2, Uni-Gold HIV Kit",Uni-Gold,N/A,Test kit,20,650,20800,32,1.6,,"Trinity Biotech, Plc",Yes,278,7936.81,expensive,40.77
5364,Cote d'Ivoire,PMO - US,Direct Drop,CIP,Air,0,No,ARV,Pediatric,BRISTOL-MYERS SQUIBB,"Didanosine 50mg [Videx], chewable tablets, 60 Tabs",Didanosine,Videx,50mg,Chewable/dispersible tablet,60,1577,14981.5,9.5,0.16,,"BMS Meymac, France",Yes,309,,,23.97
56996,Zimbabwe,PMO - US,Direct Drop,EXW,Air,1,Yes,HRDT,HIV test,"Orgenics, Ltd","HIV 1/2, Determine Complete HIV Kit, 100 Tests","HIV 1/2, Determine Complete HIV Kit",Determine,N/A,Test kit,100,2450,176400,72,0.72,0.24,Inverness Japan,Yes,1183,21170.3,expensive,380.32
32892,Mozambique,PMO - US,Direct Drop,EXW,Air,0,No,ARV,Adult,HETERO LABS LIMITED,"Lamivudine/Nevirapine/Zidovudine 150/200/300mg, tablets, 60 Tabs",Lamivudine/Nevirapine/Zidovudine,Generic,150/300/200mg,Tablet - FDC,60,33216,269381.76,8.11,0.14,,Hetero Unit III Hyderabad IN,Yes,4516,16537.11,expensive,276.92
42275,Guyana,PMO - US,Direct Drop,EXW,Air,0,No,HRDT,HIV test,"Orgenics, Ltd","HIV 1/2, Determine Complete HIV Kit, 100 Tests","HIV 1/2, Determine Complete HIV Kit",Determine,N/A,Test kit,100,507,36504,72,0.72,,Inverness Japan,Yes,67,4400.85,reasonable,71.55
76517,Vietnam,PMO - US,Direct Drop,EXW,Air,0,No,ARV,Adult,MYLAN LABORATORIES LTD (FORMERLY MATRIX LABORATORIES),"Lamivudine/Nevirapine/Zidovudine 150/200/300mg, tablets, 60 Tabs",Lamivudine/Nevirapine/Zidovudine,Generic,150/300/200mg,Tablet - FDC,60,42000,461580,10.99,0.18,,Mylan (formerly Matrix) Nashik,Yes,5941,19632.73,expensive,761.61
73918,Zimbabwe,PMO - US,Direct Drop,EXW,Air,0,No,HRDT,HIV test,"Orgenics, Ltd","HIV 1/2, Determine Complete HIV Kit, 100 Tests","HIV 1/2, Determine Complete HIV Kit",Determine,N/A,Test kit,100,2499,199920,80,0.8,,Inverness Japan,Yes,1191,23808.37,expensive,329.87
51016,Nigeria,PMO - US,Direct Drop,EXW,Air,0,No,HRDT,HIV test,"Orgenics, Ltd","HIV 1/2, Determine Complete HIV Kit, 100 Tests","HIV 1/2, Determine Complete HIV Kit",Determine,N/A,Test kit,100,6360,566040,89,0.89,,"Alere Medical Co., Ltd.",Yes,2579,28759.53,expensive,666.23
41146,Zimbabwe,PMO - US,Direct Drop,EXW,Air,0,No,HRDT,HIV test,"Standard Diagnostics, Inc.","HIV 1/2, Bioline 3.0 Kit, Lancets, Capillary pipets, Alcohol swabs included, 25 Tests","HIV 1/2, Bioline 3.0 Kit, Lancets, Capillary pipets, Alcohol swabs included",Bioline,N/A,Test kit,25,2000,40000,20,0.8,,"Standard Diagnostics, Korea",Yes,624,4756.06,reasonable,78.4
41399,Haiti,PMO - US,Direct Drop,EXW,Air,0,No,ARV,Adult,HETERO LABS LIMITED,"Tenofovir Disoproxil Fumarate 300mg, tablets, 30 Tabs",Tenofovir Disoproxil Fumarate,Generic,300mg,Tablet,30,384,1363.2,3.55,0.12,,Hetero Unit III Hyderabad IN,Yes,42,2391.08,reasonable,1.4
19431,Cote d'Ivoire,PMO - US,Direct Drop,EXW,Air,0,No,HRDT,HIV test,"Standard Diagnostics, Inc.","HIV 1/2, Bioline 3.0 Kit, Lancets, Capillary pipets, Alcohol swabs included, 25 Tests","HIV 1/2, Bioline 3.0 Kit, Lancets, Capillary pipets, Alcohol swabs included",Bioline,N/A,Test kit,25,1400,28700,20.5,0.82,,"Standard Diagnostics, Korea",Yes,437,5924.89,expensive,29.5
80217,South Africa,PMO - US,Direct Drop,DDP,Air,0,No,ARV,Pediatric,Aurobindo Pharma Limited,"Lamivudine 10mg/ml, oral solution w/syringe, Bottle, 240 ml",Lamivudine,Generic,10mg/ml,Oral solution,240,11644,34932,3,0.01,,"Aurobindo Unit III, India",Yes,4442,3283.59,reasonable,75.31
45729,South Africa,PMO - US,Direct Drop,DDP,Ocean,0,No,ARV,Adult,Aurobindo Pharma Limited,"Zidovudine 300mg, tablets, 60 Tabs",Zidovudine,Generic,300mg,Tablet,60,92887,678075.1,7.3,0.12,,"Aurobindo Unit III, India",Yes,4810,6599.86,expensive,1118.82
14571,Nigeria,PMO - US,Direct Drop,EXW,Air,0,No,HRDT,HIV test,"Orgenics, Ltd","HIV 1/2, Determine Complete HIV Kit, 100 Tests","HIV 1/2, Determine Complete HIV Kit",Determine,N/A,Test kit,100,2744,244216,89,0.89,,"Alere Medical Co., Ltd.",Yes,1303,28734.43,expensive,342.39
27026,South Africa,PMO - US,Direct Drop,DDP,Air,1,Yes,ARV,Adult,CIPLA LIMITED,"Tenofovir Disoproxil Fumarate 300mg, tablets, 30 Tabs",Tenofovir Disoproxil Fumarate,Generic,300mg,Tablet,30,2016,15765.12,7.82,0.26,,"Cipla, Goa, India",Yes,136,1881.24,reasonable,33.99
75729,Nigeria,PMO - US,Direct Drop,EXW,Air,0,No,HRDT,HIV test,"Orgenics, Ltd","HIV 1/2, Determine Complete HIV Kit, 100 Tests","HIV 1/2, Determine Complete HIV Kit",Determine,N/A,Test kit,100,2891,257299,89,0.89,,Inverness Japan,Yes,1378,31201.82,expensive,424.54
3956,Vietnam,PMO - US,Direct Drop,FCA,Air,0,No,ARV,Adult,Hoffmann-La Roche ltd Basel,"Nelfinavir (as mesilate) 250mg [Viracept], tablets, 270 Tabs",Nelfinavir (as mesilate),Viracept,250mg,Tablet,270,200,32688,163.44,0.61,,Roche Madrid,Yes,54,13981.96,expensive,
79803,Nigeria,PMO - US,Direct Drop,EXW,Air,1,Yes,HRDT,HIV test,"Orgenics, Ltd","HIV 1/2, Determine Complete HIV Kit, 100 Tests","HIV 1/2, Determine Complete HIV Kit",Determine,N/A,Test kit,100,5903,525367,89,0.89,,"Alere Medical Co., Ltd.",Yes,3473,35117.35,expensive,540.08
13903,Tanzania,PMO - US,Direct Drop,EXW,Air,0,No,ARV,Pediatric,Aurobindo Pharma Limited,"Efavirenz 50mg, capsule, 30 Caps",Efavirenz,Generic,50mg,Capsule,30,5925,9243,1.56,0.05,,"Aurobindo Unit III, India",Yes,394,3245.39,reasonable,11.43
31750,Uganda,PMO - US,Direct Drop,CIP,Air,0,No,ARV,Adult,ASPEN PHARMACARE,"Darunavir 300mg [Prezista], tablets, 120 Tabs",Darunavir,Prezista,300mg,Tablet,120,807,53746.2,66.6,0.55,,"Aspen-OSD, Port Elizabeth, SA",Yes,119,321.94,reasonable,55.25
49498,Uganda,PMO - US,Direct Drop,CIP,Air,0,No,ARV,Adult,MERCK SHARP & DOHME IDEA GMBH (FORMALLY MERCK SHARP & DOHME B.V.),"Raltegravir 400mg [Isentress], tablets, 60 Tabs",Raltegravir,Isentress,400mg,Tablet,60,390,21645,55.5,0.92,0.75,"MSD, Haarlem, NL",Yes,39,433,reasonable,30.35
29274,Kenya,PMO - US,Direct Drop,EXW,Air,0,No,HRDT,HIV test,"Standard Diagnostics, Inc.","HIV 1/2, Bioline 3.0 Kit, (no accessories), 30 Tests","HIV 1/2, Bioline 3.0 Kit (no accessories)",Bioline,N/A,Test kit,30,12000,288000,24,0.8,,"Standard Diagnostics, Korea",Yes,3733,29039.18,expensive,564.48
62516,Vietnam,PMO - US,Direct Drop,FCA,Air,0,No,ARV,Adult,ABBVIE LOGISTICS (FORMERLY ABBOTT LOGISTICS BV),"Lopinavir/Ritonavir 200/50mg [Aluvia], tablets, 120 Tabs",Lopinavir/Ritonavir,Aluvia,200/50mg,Tablet,120,7078,430483.96,60.82,0.51,,ABBVIE Ludwigshafen Germany,Yes,1724,5248.47,expensive,603.54
53665,Cote d'Ivoire,PMO - US,Direct Drop,FCA,Air,0,No,ARV,Pediatric,ABBVIE LOGISTICS (FORMERLY ABBOTT LOGISTICS BV),"Lopinavir/Ritonavir 80/20mg/ml [Kaletra], oral solution, cool, Bottle 5 x 60 ml",Lopinavir/Ritonavir,Kaletra,80/20mg/ml,Oral solution,300,600,18492,30.82,0.1,,ABBVIE (Abbott) Logis. UK,Yes,554,5848.39,expensive,19.01
63749,Nigeria,PMO - US,Direct Drop,EXW,Air,1,Yes,HRDT,HIV test,"Orgenics, Ltd","HIV 1/2, Determine Complete HIV Kit, 100 Tests","HIV 1/2, Determine Complete HIV Kit",Determine,N/A,Test kit,100,3040,270560,89,0.89,,"Alere Medical Co., Ltd.",Yes,1235,13383.47,expensive,334.68
77113,Cote d'Ivoire,PMO - US,Direct Drop,EXW,Air,0,No,HRDT,HIV test,"CHEMBIO DIAGNOSTIC SYSTEMS, INC.","HIV 1/2, Stat-Pak HIV, Kit, 20 Tests","HIV 1/2, Stat-Pak HIV, Kit",Stat-Pak,N/A,Test kit,20,1230,38130,31,1.55,,Chembio Diagnostics Sys. Inc.,Yes,357,5640.23,expensive,44.88
52049,Kenya,PMO - US,Direct Drop,EXW,Air,0,No,HRDT,HIV test,"Orgenics, Ltd","HIV 1/2, Determine Complete HIV Kit, 100 Tests","HIV 1/2, Determine Complete HIV Kit",Determine,N/A,Test kit,100,10000,890000,89,0.89,,Inverness Japan,Yes,2951,31923.61,expensive,1468.5
74357,Kenya,PMO - US,Direct Drop,EXW,Air,1,Yes,HRDT,HIV test,"Orgenics, Ltd","HIV 1/2, Determine Complete HIV Kit, 100 Tests","HIV 1/2, Determine Complete HIV Kit",Determine,N/A,Test kit,100,6618,589002,89,0.89,,"Alere Medical Co., Ltd.",Yes,1139,11827.07,expensive,825.78
22761,"Congo, DRC",PMO - US,Direct Drop,EXW,Air,0,No,ARV,Pediatric,Aurobindo Pharma Limited,"Didanosine 200mg, delayed-release capsules, 30 Caps",Didanosine,Generic,200mg,Delayed-release capsules,30,1100,12100,11,0.37,,"Aurobindo Unit III, India",Yes,95,2453.16,reasonable,12.44
49214,Rwanda,PMO - US,Direct Drop,CIP,Air,0,No,ARV,Adult,HETERO LABS LIMITED,"Nevirapine 200mg, tablets, 60 Tabs",Nevirapine,Generic,200mg,Tablet,60,60300,186327,3.09,0.05,,Hetero Unit III Hyderabad IN,Yes,3539,16769.43,expensive,365.2
15,Vietnam,PMO - US,Direct Drop,EXW,Air,0,No,ARV,Adult,SUN PHARMACEUTICAL INDUSTRIES LTD (RANBAXY LABORATORIES LIMITED),"Lamivudine 150mg, tablets, 60 Tabs",Lamivudine,Generic,150mg,Tablet,60,31920,127360.8,3.99,0.07,,"Ranbaxy, Paonta Shahib, India",Yes,1855,16007.06,expensive,
71840,Cote d'Ivoire,PMO - US,Direct Drop,EXW,Air,0,No,HRDT,HIV test,"CHEMBIO DIAGNOSTIC SYSTEMS, INC.","HIV 1/2, Stat-Pak HIV, Kit, 20 Tests","HIV 1/2, Stat-Pak HIV, Kit",Stat-Pak,N/A,Test kit,20,2120,65720,31,1.55,,Chembio Diagnostics Sys. Inc.,Yes,610,8291.96,expensive,67.56
75229,Zambia,PMO - US,Direct Drop,EXW,Air,0,No,HRDT,HIV test,"Trinity Biotech, Plc","HIV 1/2, Uni-Gold HIV Kit, 20 Tests","HIV 1/2, Uni-Gold HIV Kit",Uni-Gold,N/A,Test kit,20,5000,160000,32,1.6,,"Trinity Biotech, Plc",Yes,1647,20626.58,expensive,264
33962,Haiti,PMO - US,Direct Drop,CIP,Air,0,No,ARV,Pediatric,BRISTOL-MYERS SQUIBB,"Didanosine 25mg [Videx], chewable tablets, 60 Tabs",Didanosine,Videx,25mg,Chewable/dispersible tablet,60,120,840,7,0.12,,"BMS Meymac, France",Yes,29,260,reasonable,1.65
81132,Cote d'Ivoire,PMO - US,Direct Drop,FCA,Air,0,No,ARV,Pediatric,ABBVIE LOGISTICS (FORMERLY ABBOTT LOGISTICS BV),"Lopinavir/Ritonavir 80/20mg/ml [Kaletra], oral solution, cool, Bottle 5 x 60 ml",Lopinavir/Ritonavir,Kaletra,80/20mg/ml,Oral solution,300,320,9862.4,30.82,0.1,,ABBVIE (Abbott) Logis. UK,Yes,326,3852.86,reasonable,12.2
1693,Vietnam,PMO - US,Direct Drop,EXW,Air,0,No,ARV,Adult,MYLAN LABORATORIES LTD (FORMERLY MATRIX LABORATORIES),"Efavirenz 600mg, tablets, 30 Tabs",Efavirenz,Generic,600mg,Tablet,30,6720,77145.6,11.48,0.38,,Mylan (formerly Matrix) Nashik,Yes,522,3796.05,reasonable,123.43
36562,Mozambique,PMO - US,Direct Drop,FCA,Air,0,No,ARV,Adult,ABBVIE LOGISTICS (FORMERLY ABBOTT LOGISTICS BV),"Ritonavir 100mg [Norvir], film coated tablets, 30 Tabs",Ritonavir,Norvir,100mg,Tablet,30,2240,7683.2,3.43,0.11,,ABBVIE Ludwigshafen Germany,Yes,216,2698.28,reasonable,16.56
73326,South Africa,PMO - US,Direct Drop,DDP,Ocean,0,No,ARV,Pediatric,CIPLA LIMITED,"Lamivudine 10mg/ml, oral solution, Bottle, 240 ml",Lamivudine,Generic,10mg/ml,Oral solution,240,50000,103000,2.06,0.01,,"Cipla, Goa, India",Yes,18462,22647.81,expensive,169.95
52341,Dominican Republic,PMO - US,Direct Drop,EXW,Air,0,No,HRDT,HIV test,"Trinity Biotech, Plc","HIV 1/2, Uni-Gold HIV Kit, 20 Tests","HIV 1/2, Uni-Gold HIV Kit",Uni-Gold,N/A,Test kit,20,412,13184,32,1.6,,"Trinity Biotech, Plc",Yes,123,1375.8,reasonable,16.31
80114,Zambia,PMO - US,Direct Drop,EXW,Air,0,No,HRDT,HIV test,"Trinity Biotech, Plc","HIV 1/2, Uni-Gold HIV Kit, 20 Tests","HIV 1/2, Uni-Gold HIV Kit",Uni-Gold,N/A,Test kit,20,7200,230400,32,1.6,,"Trinity Biotech, Plc",Yes,2521,22460.87,expensive,496.74
25796,Vietnam,PMO - US,Direct Drop,EXW,Air,0,No,ARV,Adult,MYLAN LABORATORIES LTD (FORMERLY MATRIX LABORATORIES),"Lamivudine/Zidovudine 150/300mg, tablets, 60 Tabs",Lamivudine/Zidovudine,Generic,150/300mg,Tablet - FDC,60,23063,155675.25,6.75,0.11,,Mylan (formerly Matrix) Nashik,Yes,1984,3225.12,reasonable,192.57
81496,Vietnam,PMO - US,Direct Drop,EXW,Air,0,No,ARV,Adult,CIPLA LIMITED,"Lamivudine/Nevirapine/Zidovudine 150/200/300mg, tablets, 60 Tabs",Lamivudine/Nevirapine/Zidovudine,Generic,150/300/200mg,Tablet - FDC,60,6238,50527.8,8.1,0.13,,"Cipla, Goa, India",Yes,866,1464.24,reasonable,62.5
39208,Rwanda,PMO - US,Direct Drop,CIP,Air,0,No,ARV,Adult,EMCURE PHARMACEUTICALS LTD,"Efavirenz 600mg, tablets, 30 Tabs",Efavirenz,Generic,600mg,Tablet,30,31,185.69,5.99,0.2,,"Emcure Plot No.P-2, I.T-B.T. Park, Phase II, MIDC, Hinjwadi, Pune, India",Yes,4,889.55,reasonable,0.36
6932,Nigeria,PMO - US,Direct Drop,EXW,Air,0,No,HRDT,HIV test,"CHEMBIO DIAGNOSTIC SYSTEMS, INC.","HIV 1/2, Stat-Pak HIV, Kit, 20 Tests","HIV 1/2, Stat-Pak HIV, Kit",Stat-Pak,N/A,Test kit,20,9380,253260,27,1.35,,Chembio Diagnostics Sys. Inc.,Yes,3058,18750.2,expensive,405.22
61009,South Africa,PMO - US,Direct Drop,DDP,Air,1,Yes,ARV,Pediatric,Aurobindo Pharma Limited,"Lamivudine 10mg/ml, oral solution w/syringe, Bottle, 240 ml",Lamivudine,Generic,10mg/ml,Oral solution,240,11640,34920,3,0.01,,"Aurobindo Unit III, India",Yes,4440,3283.59,reasonable,75.29
58211,Cote d'Ivoire,PMO - US,Direct Drop,EXW,Air,0,No,HRDT,HIV test,"Orgenics, Ltd","HIV 1/2, Determine HIV Kit, without Lancets, 100 Tests","HIV 1/2, Determine HIV Kit, without Lancets",Determine,N/A,Test kit,100,3500,245000,70,0.7,,Inverness Japan,Yes,794,12619.38,expensive,528.22
58393,Liberia,PMO - US,Direct Drop,EXW,Air,0,No,HRDT,HIV test,"Standard Diagnostics, Inc.","HIV 1/2, Bioline 3.0 Kit, Lancets, Capillary pipets, Alcohol swabs included, 25 Tests","HIV 1/2, Bioline 3.0 Kit, Lancets, Capillary pipets, Alcohol swabs included",Bioline,N/A,Test kit,25,100,2000,20,0.8,,"Standard Diagnostics, Korea",Yes,34,871.3,reasonable,3.3
15738,Vietnam,PMO - US,Direct Drop,FCA,Air,0,No,ARV,Adult,ABBVIE LOGISTICS (FORMERLY ABBOTT LOGISTICS BV),"Ritonavir 100mg [Norvir], film coated tablets, 30 Tabs",Ritonavir,Norvir,100mg,Tablet,30,400,9304,23.26,0.78,,ABBVIE Ludwigshafen Germany,Yes,40,642.45,reasonable,10.95
30112,Zimbabwe,PMO - US,Direct Drop,FCA,Air,0,No,ARV,Pediatric,ABBVIE LOGISTICS (FORMERLY ABBOTT LOGISTICS BV),"Lopinavir/Ritonavir 80/20mg/ml [Kaletra], oral solution, cool, Bottle 5 x 60 ml",Lopinavir/Ritonavir,Kaletra,80/20mg/ml,Oral solution,300,2502,90472.32,36.16,0.12,,ABBVIE (Abbott) Logis. UK,Yes,2364,16956.86,expensive,195.06
55862,Haiti,PMO - US,Direct Drop,EXW,Air,0,No,ARV,Pediatric,Aurobindo Pharma Limited,"Abacavir/Lamivudine 60/30mg, tablets, 60 Tabs",Abacavir/Lamivudine,Generic,60/30mg,Tablet - FDC,60,2516,11573.6,4.6,0.08,,"Aurobindo Unit III, India",Yes,118,1442.83,reasonable,16.23
45505,South Sudan,PMO - US,Direct Drop,EXW,Air,0,No,HRDT,HIV test,"Trinity Biotech, Plc","HIV 1/2, Uni-Gold HIV Kit, 20 Tests","HIV 1/2, Uni-Gold HIV Kit",Uni-Gold,N/A,Test kit,20,47,1504,32,1.6,,"Trinity Biotech, Plc",Yes,15,870.22,reasonable,2.11
62152,Cote d'Ivoire,PMO - US,Direct Drop,CIP,Air,0,No,ARV,Pediatric,BRISTOL-MYERS SQUIBB,"Didanosine 50mg [Videx], chewable tablets, 60 Tabs",Didanosine,Videx,50mg,Chewable/dispersible tablet,60,1887,17926.5,9.5,0.16,,"BMS Meymac, France",Yes,312,781.5,reasonable,38.65
63608,Kenya,PMO - US,Direct Drop,EXW,Air,0,No,HRDT,HIV test,"Trinity Biotech, Plc","HIV 1/2, Uni-Gold HIV Kit, 20 Tests","HIV 1/2, Uni-Gold HIV Kit",Uni-Gold,N/A,Test kit,20,20000,640000,32,1.6,,"Trinity Biotech, Plc",Yes,6568,41300.11,expensive,897.28
46250,"Congo, DRC",PMO - US,Direct Drop,EXW,Air,0,No,ARV,Adult,MICRO LABS LIMITED,"Lamivudine 150mg, tablets, 60 Tabs",Lamivudine,Generic,150mg,Tablet,60,3974,6835.28,1.72,0.03,,"Micro labs, Verna, Goa, India",Yes,209,3743.84,reasonable,7.03
61783,Tanzania,PMO - US,Direct Drop,EXW,Ocean,0,No,ARV,Adult,MYLAN LABORATORIES LTD (FORMERLY MATRIX LABORATORIES),"Efavirenz/Emtricitabine/Tenofovir Disoproxil Fumarate 600/200/300mg, tablets, 30 Tabs",Efavirenz/Emtricitabine/Tenofovir Disoproxil Fumarate,Generic,600/200/300mg,Tablet - FDC,30,65763,821379.87,12.49,0.42,,Mylan (formerly Matrix) Nashik,Yes,8182,7814.59,expensive,1016.05
20266,Uganda,PMO - US,Direct Drop,DDP,Air,0,No,ARV,Adult,ASPEN PHARMACARE,"Etravirine 100mg [Intelence], tablets, 120 Tabs",Etravirine,Intelence,100mg,Tablet,120,150,11250,75,0.62,,"Janssen-Cilag, Latina, IT",Yes,49,475,reasonable,15.77
6196,Cote d'Ivoire,PMO - US,Direct Drop,EXW,Air,0,No,ANTM,Malaria,IDA FOUNDATION,"Quinine 300mg (as sulfate), tablets, Blister 100 x 10 Tabs",Quinine (as sulfate),Generic,300mg,Tablet - blister,1000,12,629.88,52.49,0.05,,"Medopharm Malur Factory, INDIA",Yes,12,536.78,reasonable,1.23
68937,Uganda,PMO - US,Direct Drop,FCA,Air,0,No,ARV,Adult,ABBVIE LOGISTICS (FORMERLY ABBOTT LOGISTICS BV),"Ritonavir 100mg [Norvir], film coated tablets, 60 Tabs",Ritonavir,Norvir,100mg,Tablet,60,587,4020.95,6.85,0.11,,ABBVIE Ludwigshafen Germany,Yes,85,1253.45,reasonable,4.97
8459,Vietnam,PMO - US,Direct Drop,EXW,Air,0,No,ARV,Adult,CIPLA LIMITED,"Lamivudine/Nevirapine/Stavudine 150/200/30mg, tablets, 60 Tabs",Lamivudine/Nevirapine/Stavudine,Generic,150/200/30mg,Tablet - FDC,60,9792,72460.8,7.4,0.12,,"Cipla, Goa, India",Yes,836,5136.08,expensive,115.94
3970,Rwanda,PMO - US,Direct Drop,EXW,Air,0,No,HRDT,HIV test,Premier Medical Corporation Ltd.,"HIV 1/2/O, First Response HIV 1-2.0, v.3.0 Cards Kit, 30 Tests","HIV 1/2/O, First Response HIV 1-2.0, v.3.0 Cards Kit",First Response,N/A,Test kit,30,2000,42000,21,0.7,,Premier Med. Corp Ltd. India,Yes,600,5714.31,expensive,
9096,Kenya,PMO - US,Direct Drop,EXW,Air,0,No,HRDT,HIV test,"Standard Diagnostics, Inc.","HIV 1/2, Bioline 3.0 Kit, (no accessories), 30 Tests","HIV 1/2, Bioline 3.0 Kit (no accessories)",Bioline,N/A,Test kit,30,5000,120000,24,0.8,,"Standard Diagnostics, Korea",Yes,1558,11653.64,expensive,235.2
36219,South Africa,PMO - US,Direct Drop,DDP,Ocean,0,No,ARV,Adult,Aurobindo Pharma Limited,"Zidovudine 300mg, tablets, 60 Tabs",Zidovudine,Generic,300mg,Tablet,60,100000,730000,7.3,0.12,,"Aurobindo Unit III, India",Yes,5178,14621.3,expensive,1204.5
58555,Vietnam,PMO - US,Direct Drop,EXW,Air,0,No,ARV,Adult,STRIDES ARCOLAB LIMITED,"Lamivudine 150mg, tablets, 60 Tabs",Lamivudine,Generic,150mg,Tablet,60,16645,39115.75,2.35,0.04,,"Strides, Bangalore, India.",Yes,742,5440.01,expensive,64.54
57590,Uganda,PMO - US,Direct Drop,EXW,Air,0,No,ARV,Adult,CIPLA LIMITED,"Lamivudine/Tenofovir Disoproxil Fumarate 300/300mg, tablets, 30 Tabs",Lamivudine/Tenofovir Disoproxil Fumarate,Generic,300/300mg,Tablet - FDC,30,40000,184000,4.6,0.15,,"Cipla, Kurkumbh, India",Yes,4620,18550.93,expensive,227.61
40851,Cameroon,PMO - US,Direct Drop,EXW,Air,0,No,ARV,Adult,MYLAN LABORATORIES LTD (FORMERLY MATRIX LABORATORIES),"Zidovudine 300mg, tablets, 60 Tabs",Zidovudine,Generic,300mg,Tablet,60,5000,32500,6.5,0.11,,Mylan (formerly Matrix) Nashik,Yes,294,4339.64,reasonable,40.2
60359,Burundi,PMO - US,Direct Drop,EXW,Air,0,No,HRDT,HIV test,"CHEMBIO DIAGNOSTIC SYSTEMS, INC.","HIV 1/2, Stat-Pak Dipstick Assay Kit, 30 Tests","HIV 1/2, Stat-Pak Dipstick Assay Kit",Stat-Pak,N/A,Test kit,30,428,11812.8,27.6,0.92,,Chembio Diagnostics Sys. Inc.,Yes,47,732.47,reasonable,14.61
1295,Mozambique,PMO - US,Direct Drop,CIP,Air,0,No,ARV,Adult,ABBVIE LOGISTICS (FORMERLY ABBOTT LOGISTICS BV),"Lopinavir/Ritonavir 200/50mg [Aluvia], tablets, 120 Tabs",Lopinavir/Ritonavir,Aluvia,200/50mg,Tablet,120,80,3288,41.1,0.34,,ABBSP,Yes,25,,,
53560,Nigeria,PMO - US,Direct Drop,EXW,Air,1,Yes,HRDT,HIV test,"Orgenics, Ltd","HIV 1/2, Determine Complete HIV Kit, 100 Tests","HIV 1/2, Determine Complete HIV Kit",Determine,N/A,Test kit,100,3038,270382,89,0.89,,"Alere Medical Co., Ltd.",Yes,1234,21084.84,expensive,334.46
66967,South Africa,PMO - US,Direct Drop,DDP,Ocean,0,No,ARV,Adult,Aurobindo Pharma Limited,"Tenofovir Disoproxil Fumarate 300mg, tablets, 30 Tabs",Tenofovir Disoproxil Fumarate,Generic,300mg,Tablet,30,116857,777099.05,6.65,0.22,,"Aurobindo Unit III, India",Yes,10907,7905.94,expensive,1675.43
63438,Tanzania,PMO - US,Direct Drop,EXW,Air,0,No,ARV,Adult,CIPLA LIMITED,"Lamivudine/Nevirapine/Zidovudine 150/200/300mg, tablets, 60 Tabs",Lamivudine/Nevirapine/Zidovudine,Generic,150/300/200mg,Tablet - FDC,60,80516,652179.6,8.1,0.13,,"Cipla, Goa, India",Yes,11646,50445.73,expensive,806.75
40934,Vietnam,PMO - US,Direct Drop,FCA,Air,0,No,ARV,Adult,ABBVIE LOGISTICS (FORMERLY ABBOTT LOGISTICS BV),"Ritonavir 100mg [Norvir], film coated tablets, 30 Tabs",Ritonavir,Norvir,100mg,Tablet,30,71,1651.46,23.26,0.78,,ABBVIE Ludwigshafen Germany,Yes,15,493.42,reasonable,2.04
960,Vietnam,PMO - US,Direct Drop,EXW,Air,0,No,ARV,Adult,Aurobindo Pharma Limited,"Lamivudine/Zidovudine 150/300mg, tablets, 60 Tabs",Lamivudine/Zidovudine,Generic,150/300mg,Tablet - FDC,60,5964,51350.04,8.61,0.14,,"Aurobindo Unit III, India",Yes,3509,12835.2,expensive,100.65
81483,Vietnam,PMO - US,Direct Drop,EXW,Air,0,No,ARV,Adult,CIPLA LIMITED,"Zidovudine 300mg, tablets, 60 Tabs",Zidovudine,Generic,300mg,Tablet,60,525,3465,6.6,0.11,,"Cipla, Goa, India",Yes,34,807.47,reasonable,4.86
41368,Haiti,PMO - US,Direct Drop,FCA,Air,0,No,ARV,Pediatric,ABBVIE LOGISTICS (FORMERLY ABBOTT LOGISTICS BV),"Lopinavir/Ritonavir 80/20mg/ml [Kaletra], oral solution, cool, Bottle 5 x 60 ml",Lopinavir/Ritonavir,Kaletra,80/20mg/ml,Oral solution,300,50,1808,36.16,0.12,,ABBVIE (Abbott) Logis. UK,Yes,100,3806.01,reasonable,3.9
18664,Vietnam,PMO - US,Direct Drop,EXW,Air,0,No,ARV,Adult,HETERO LABS LIMITED,"Abacavir 300mg, tablets, 60 Tabs",Abacavir,Generic,300mg,Tablet,60,1436,16442.2,11.45,0.19,,Hetero Unit III Hyderabad IN,Yes,2832,7474.2,expensive,20.34
41902,Vietnam,PMO - US,Direct Drop,EXW,Air,0,No,ARV,Adult,HETERO LABS LIMITED,"Tenofovir Disoproxil Fumarate 300mg, tablets, 30 Tabs",Tenofovir Disoproxil Fumarate,Generic,300mg,Tablet,30,13307,47239.85,3.55,0.12,,Hetero Unit III Hyderabad IN,Yes,1018,1681.58,reasonable,58.44
637,Vietnam,PMO - US,Direct Drop,EXW,Air,0,No,ARV,Adult,Aurobindo Pharma Limited,"Stavudine 30mg, capsules, 60 Caps",Stavudine,Generic,30mg,Capsule,60,42000,60900,1.45,0.02,,"Aurobindo Unit III, India",Yes,2600,10179.16,expensive,97.44
72836,Ghana,PMO - US,Direct Drop,EXW,Air,0,No,ARV,Adult,Aurobindo Pharma Limited,"Lamivudine/Nevirapine/Zidovudine 150/200/300mg, tablets, 60 Tabs",Lamivudine/Nevirapine/Zidovudine,Generic,150/300/200mg,Tablet - FDC,60,29107,238677.4,8.2,0.14,,"Aurobindo Unit III, India",Yes,3647,18545.17,expensive,245.36
60840,South Africa,PMO - US,Direct Drop,DDP,Ocean,0,No,ARV,Adult,STRIDES ARCOLAB LIMITED,"Nevirapine 200mg, tablets, 60 Tabs",Nevirapine,Generic,200mg,Tablet,60,237500,681625,2.87,0.05,,"Strides, Bangalore, India.",Yes,15475,14682.98,expensive,1469.58
791,Namibia,PMO - US,Direct Drop,EXW,Air,0,No,HRDT,HIV test,"Orgenics, Ltd","HIV 1/2, Determine HIV Kit, without Lancets, 100 Tests","HIV 1/2, Determine HIV Kit, without Lancets",Determine,N/A,Test kit,100,150,10798.5,71.99,0.72,,Inverness Japan,Yes,46,2698.04,reasonable,21.17
7849,Uganda,PMO - US,Direct Drop,CIP,Air,0,No,ARV,Adult,BRISTOL-MYERS SQUIBB,"Didanosine EC 250mg [Videx EC], delayed-release capsules, Blister 3 x 10 Caps",Didanosine EC,Videx EC,250mg,Delayed-release capsules - blister,30,84,1540.56,18.34,0.61,,"BMS Meymac, France",Yes,4,390.81,reasonable,3.02
74780,Cote d'Ivoire,PMO - US,Direct Drop,EXW,Air,0,No,HRDT,HIV test,"CHEMBIO DIAGNOSTIC SYSTEMS, INC.","HIV 1/2, Stat-Pak HIV, Kit, 20 Tests","HIV 1/2, Stat-Pak HIV, Kit",Stat-Pak,N/A,Test kit,20,3678,106662,29,1.45,,Chembio Diagnostics Sys. Inc.,Yes,1056,12363.35,expensive,149.54
15248,Vietnam,PMO - US,Direct Drop,EXW,Air,0,No,ARV,Adult,Aurobindo Pharma Limited,"Lamivudine/Nevirapine/Zidovudine 150/200/300mg, tablets, 60 Tabs",Lamivudine/Nevirapine/Zidovudine,Generic,150/300/200mg,Tablet - FDC,60,16300,181745,11.15,0.19,,"Aurobindo Unit III, India",Yes,2011,11648.31,expensive,356.22
14665,Haiti,PMO - US,Direct Drop,EXW,Air,0,No,HRDT,HIV test,"Orgenics, Ltd","HIV 1/2, Determine HIV Kit, without Lancets, 100 Tests","HIV 1/2, Determine HIV Kit, without Lancets",Determine,N/A,Test kit,100,1000,97680,97.68,0.98,,Inverness Japan,Yes,227,2486.62,reasonable,210.6
54296,South Africa,PMO - US,Direct Drop,DDP,Ocean,0,No,ARV,Adult,Aurobindo Pharma Limited,"Efavirenz 600mg, tablets, 30 Tabs",Efavirenz,Generic,600mg,Tablet,30,32083,144694.33,4.51,0.15,,"Aurobindo Unit III, India",Yes,2808,630.5,reasonable,311.96
3552,Guyana,PMO - US,Direct Drop,EXW,Air,0,No,HRDT,HIV test,"Orgenics, Ltd","HIV 1/2, Determine Complete HIV Kit, 100 Tests","HIV 1/2, Determine Complete HIV Kit",Determine,N/A,Test kit,100,213,15336,72,0.72,,Inverness Japan,Yes,64,1083.36,reasonable,30.06
44099,Haiti,PMO - US,Direct Drop,FCA,Air,0,No,ARV,Pediatric,ABBVIE LOGISTICS (FORMERLY ABBOTT LOGISTICS BV),"Lopinavir/Ritonavir 100/25mg [Aluvia], tablets, 60 Tabs",Lopinavir/Ritonavir,Generic,100/25mg,Tablet,60,612,3635.28,5.94,0.1,,ABBVIE Ludwigshafen Germany,Yes,76,1286.68,reasonable,4.5
21301,Tanzania,PMO - US,Direct Drop,EXW,Air,0,No,ARV,Pediatric,EMCURE PHARMACEUTICALS LTD,"Atazanavir 150mg, capsules, 60 Caps",Atazanavir,Generic,150mg,Capsule,60,1065,27785.85,26.09,0.43,,"Emcure Plot No.P-2, I.T-B.T. Park, Phase II, MIDC, Hinjwadi, Pune, India",Yes,112,1122.07,reasonable,59.91
29259,Zambia,PMO - US,Direct Drop,EXW,Air,0,No,HRDT,HIV test,"Orgenics, Ltd","HIV 1/2, Determine Complete HIV Kit, 100 Tests","HIV 1/2, Determine Complete HIV Kit",Determine,N/A,Test kit,100,2906,232480,80,0.8,,"Alere Medical Co., Ltd.",Yes,1204,19587.34,expensive,287.58
8437,Botswana,PMO - US,Direct Drop,EXW,Air,0,No,HRDT,HIV test,"Orgenics, Ltd","HIV 1/2, Determine HIV Kit, without Lancets, 100 Tests","HIV 1/2, Determine HIV Kit, without Lancets",Determine,N/A,Test kit,100,100,7199,71.99,0.72,,Inverness Japan,Yes,28,641.06,reasonable,11.52
5905,Tanzania,PMO - US,Direct Drop,CIP,Air,0,No,ARV,Pediatric,GLAXOSMITHKLINE EXPORT LIMITED,"Abacavir 20mg/ml [Ziagen], oral solution, Bottle, 240 ml",Abacavir,Ziagen,20mg/ml,Oral solution,240,132,1990.56,15.08,0.06,,GSK Mississauga (Canada),Yes,65,633,reasonable,3.18
36298,Vietnam,PMO - US,Direct Drop,FCA,Air,0,No,ARV,Adult,ABBVIE LOGISTICS (FORMERLY ABBOTT LOGISTICS BV),"Ritonavir 100mg [Norvir], capsules, cool, 4 x 84 Caps",Ritonavir,Norvir,100mg,Capsule,336,60,4603.2,76.72,0.23,,ABBVIE (Abbott) Logis. UK,Yes,170,4256.38,reasonable,9.92
59502,Botswana,PMO - US,Direct Drop,EXW,Air,1,Yes,ARV,Adult,HETERO LABS LIMITED,"Efavirenz/Emtricitabine/Tenofovir Disoproxil Fumarate 600/200/300mg, tablets, 30 Tabs",Efavirenz/Emtricitabine/Tenofovir Disoproxil Fumarate,Generic,600/200/300mg,Tablet - FDC,30,39550,412506.5,10.43,0.35,,"Hetero, Jadcherla, unit 5, IN",Yes,4840,23796.98,expensive,485.52
30850,Sudan,PMO - US,Direct Drop,EXW,Air,0,No,HRDT,HIV test,"Orgenics, Ltd","HIV 1/2, Determine Complete HIV Kit, 100 Tests","HIV 1/2, Determine Complete HIV Kit",Determine,N/A,Test kit,100,105,9345,89,0.89,,"Alere Medical Co., Ltd.",Yes,49,1768.15,reasonable,15.42
54180,Vietnam,PMO - US,Direct Drop,FCA,Air,0,No,ARV,Adult,ABBVIE LOGISTICS (FORMERLY ABBOTT LOGISTICS BV),"Lopinavir/Ritonavir 200/50mg [Aluvia], tablets, 120 Tabs",Lopinavir/Ritonavir,Aluvia,200/50mg,Tablet,120,1400,115080,82.2,0.68,,ABBVIE Ludwigshafen Germany,Yes,209,954.38,reasonable,225.56
9353,Botswana,PMO - US,Direct Drop,EXW,Air,0,No,HRDT,HIV test,Orasure Technologies Inc.,"HIV 1/2, OraQuick Advance HIV Rapid Antibody Kit, 100 Tests","HIV 1/2, OraQuick Advance HIV Rapid Antibody Kit",OraQuick,N/A,Test kit,100,10,3500,350,3.5,,"Pacific Biotech, Thailand",Yes,24,1091.64,reasonable,5.6
47975,Vietnam,PMO - US,Direct Drop,FCA,Air,0,No,ARV,Adult,ABBVIE LOGISTICS (FORMERLY ABBOTT LOGISTICS BV),"Lopinavir/Ritonavir 200/50mg [Aluvia], tablets, 120 Tabs",Lopinavir/Ritonavir,Aluvia,200/50mg,Tablet,120,1575,129465,82.2,0.68,,ABBVIE Ludwigshafen Germany,Yes,382,5528.41,expensive,213.62
1646,Guyana,PMO - US,Direct Drop,EXW,Air,0,No,HRDT,HIV test,"Trinity Biotech, Plc","HIV 1/2, Uni-Gold HIV Kit, 20 Tests","HIV 1/2, Uni-Gold HIV Kit",Uni-Gold,N/A,Test kit,20,832,26624,32,1.6,,"Trinity Biotech, Plc",Yes,832,3740.04,reasonable,42.6
67661,Guyana,PMO - US,Direct Drop,EXW,Air,0,No,ARV,Pediatric,Aurobindo Pharma Limited,"Zidovudine 100mg, capsules, 100 Caps",Zidovudine,Generic,100mg,Capsule,100,114,513,4.5,0.04,,"Aurobindo Unit III, India",Yes,5,672.49,reasonable,0.63
7467,Ethiopia,PMO - US,Direct Drop,EXW,Air,0,No,HRDT,HIV test,"SHANGHAI KEHUA BIOENGINEERING CO.,LTD.  (KHB)","HIV 1/2, SKB Colloidal Gold, Diagnostic Kit, Antibody, 50 Tests","HIV 1/2, Colloidal Gold, Diagnostic Kit, Antibody",Colloidal Gold,N/A,Test kit,1,3510,80730,23,23,,"KHB Test Kit Facility, Shanghai China",Yes,2535,20083.74,expensive,158.23
7184,Zimbabwe,PMO - US,Direct Drop,EXW,Air,0,No,HRDT,HIV test,"Standard Diagnostics, Inc.","HIV 1/2, Bioline 3.0 Kit, Lancets, Capillary pipets, Alcohol swabs included, 25 Tests","HIV 1/2, Bioline 3.0 Kit, Lancets, Capillary pipets, Alcohol swabs included",Bioline,N/A,Test kit,25,7864,157280,20,0.8,,"Standard Diagnostics, Korea",Yes,2450,18087.86,expensive,308.27
56487,Zambia,PMO - US,Direct Drop,EXW,Air,1,Yes,HRDT,HIV test,"Orgenics, Ltd","HIV 1/2, Determine Complete HIV Kit, 100 Tests","HIV 1/2, Determine Complete HIV Kit",Determine,N/A,Test kit,100,2814,225120,80,0.8,,Inverness Japan,Yes,1363,22746.62,expensive,485.36
24060,Rwanda,PMO - US,Direct Drop,CIP,Air,0,No,ARV,Adult,HETERO LABS LIMITED,"Lamivudine 150mg, tablets, 60 Tabs",Lamivudine,Generic,150mg,Tablet,60,10620,27505.8,2.59,0.04,,Hetero Unit III Hyderabad IN,Yes,593,730.81,reasonable,53.91
56668,Vietnam,PMO - US,Direct Drop,EXW,Air,0,No,ARV,Adult,HETERO LABS LIMITED,"Lamivudine/Zidovudine 150/300mg, tablets, 60 Tabs",Lamivudine/Zidovudine,Generic,150/300mg,Tablet - FDC,60,8245,67609,8.2,0.14,,Hetero Unit III Hyderabad IN,Yes,759,7261.69,expensive,111.55
5280,Vietnam,PMO - US,Direct Drop,EXW,Air,1,Yes,ARV,Pediatric,Aurobindo Pharma Limited,"Didanosine 100mg, chewable/dispersible tablets, 60 Tabs",Didanosine,Generic,100mg,Chewable/dispersible tablet,60,1700,17850,10.5,0.18,,"Aurobindo Unit III, India",Yes,356,14982.1,expensive,
32402,Ghana,PMO - US,Direct Drop,EXW,Air,0,No,ARV,Pediatric,Aurobindo Pharma Limited,"Lamivudine 10mg/ml, oral solution, Bottle, 240 ml",Lamivudine,Generic,10mg/ml,Oral solution,240,1905,2724.15,1.43,0.01,,"Aurobindo Unit III, India",Yes,786,4304.34,reasonable,2.8
65987,Vietnam,PMO - US,Direct Drop,FCA,Air,0,No,ARV,Pediatric,ABBVIE LOGISTICS (FORMERLY ABBOTT LOGISTICS BV),"Lopinavir/Ritonavir 80/20mg/ml [Kaletra], oral solution, cool, Bottle 5 x 60 ml",Lopinavir/Ritonavir,Kaletra,80/20mg/ml,Oral solution,300,100,6082,60.82,0.2,,ABBVIE (Abbott) Logis. UK,Yes,164,742.1,reasonable,8.53
43628,Botswana,PMO - US,Direct Drop,EXW,Air,0,No,HRDT,HIV test - Ancillary,"Trinity Biotech, Plc","#109436**HIV 1, Uni-Gold Recombigen HIV Control, Vial 2 x 0.5 ml","HIV 1, Uni-Gold Recombigen HIV Control, Vial 2 x 0.5 ml",Uni-Gold,N/A,Test kit - Ancillary,2,15,465,31,15.5,,"Trinity Biotech, Plc",Yes,5,592.46,reasonable,1
1502,Rwanda,PMO - US,Direct Drop,EXW,Air,0,No,ARV,Adult,ASPEN PHARMACARE,"Tenofovir Disoproxil Fumarate 300mg [Viread], tablets, 30 Tabs",Tenofovir Disoproxil Fumarate,Viread,300mg,Tablet,30,1609,27353,17,0.57,,"Aspen-OSD, Port Elizabeth, SA",Yes,157,7922.24,expensive,43.76
3097,Vietnam,PMO - US,Direct Drop,EXW,Air,0,No,ARV,Adult,STRIDES ARCOLAB LIMITED,"Stavudine 30mg, capsules, 60 Caps",Stavudine,Generic,30mg,Capsule,60,2464,3720.64,1.51,0.03,,"Strides, Bangalore, India.",Yes,114,2879.96,reasonable,5.95
58202,Vietnam,PMO - US,Direct Drop,EXW,Air,0,No,ARV,Adult,MYLAN LABORATORIES LTD (FORMERLY MATRIX LABORATORIES),"Efavirenz/Lamivudine/Tenofovir Disoproxil Fumarate 600/300/300mg, tablets, 30 Tabs",Efavirenz/Lamivudine/Tenofovir Disoproxil Fumarate,Generic,600/300/300mg,Tablet - FDC,30,21384,217047.6,10.15,0.34,,Mylan (formerly Matrix) Nashik,Yes,2406,4872.65,reasonable,223.12
28282,Cameroon,PMO - US,Direct Drop,FCA,Air,0,No,ARV,Pediatric,ABBVIE LOGISTICS (FORMERLY ABBOTT LOGISTICS BV),"Lopinavir/Ritonavir 100/25mg [Aluvia], tablets, 60 Tabs",Lopinavir/Ritonavir,Generic,100/25mg,Tablet,60,8800,52272,5.94,0.1,,ABBVIE Ludwigshafen Germany,Yes,1485,10334.23,expensive,61.52
25103,Tanzania,PMO - US,Direct Drop,EXW,Air,0,No,HRDT,HIV test,"Orgenics, Ltd","HIV 1/2, Determine Complete HIV Kit, 100 Tests","HIV 1/2, Determine Complete HIV Kit",Determine,N/A,Test kit,100,3500,280000,80,0.8,,Inverness Japan,Yes,1669,30754.1,expensive,462
28577,Tanzania,PMO - US,Direct Drop,EXW,Air,0,No,ARV,Adult,MYLAN LABORATORIES LTD (FORMERLY MATRIX LABORATORIES),"Efavirenz/Emtricitabine/Tenofovir Disoproxil Fumarate 600/200/300mg, tablets, 30 Tabs",Efavirenz/Emtricitabine/Tenofovir Disoproxil Fumarate,Generic,600/200/300mg,Tablet - FDC,30,53149,1057665.1,19.9,0.66,,Mylan (formerly Matrix) Nashik,Yes,5808,28514.49,expensive,2280.33
9841,Nigeria,PMO - US,Direct Drop,EXW,Air,0,No,ACT,ACT,IDA FOUNDATION,"Artemether/Lumefantrine 20/120mg [Coartem], scored tablets, Blister 30 x 18 Tabs",Artemether/Lumefantrine,Coartem,20/120mg,Tablet - FDC + blister,540,34,1547.68,45.52,0.08,,"Novartis Pharma AG, Switzerland",Yes,159,1976.57,reasonable,2.48
20506,Vietnam,PMO - US,Direct Drop,EXW,Air,0,No,ARV,Adult,HETERO LABS LIMITED,"Tenofovir Disoproxil Fumarate 300mg, tablets, 30 Tabs",Tenofovir Disoproxil Fumarate,Generic,300mg,Tablet,30,17300,54495,3.15,0.1,,Hetero Unit III Hyderabad IN,Yes,1320,2730.91,reasonable,64.14
38793,Zimbabwe,PMO - US,Direct Drop,EXW,Air,0,No,HRDT,HIV test,"Orgenics, Ltd","HIV 1/2, Determine Complete HIV Kit, 100 Tests","HIV 1/2, Determine Complete HIV Kit",Determine,N/A,Test kit,100,2856,228480,80,0.8,,Inverness Japan,Yes,1102,26846.59,expensive,376.99
9151,Vietnam,PMO - US,Direct Drop,EXW,Air,0,No,ARV,Adult,CIPLA LIMITED,"Lamivudine/Nevirapine/Stavudine 150/200/30mg, tablets, 60 Tabs",Lamivudine/Nevirapine/Stavudine,Generic,150/200/30mg,Tablet - FDC,60,19392,130896,6.75,0.11,,"Cipla, Goa, India",Yes,1899,5209.46,expensive,256.56
64664,South Africa,PMO - US,Direct Drop,DDP,Ocean,0,No,ARV,Adult,Aurobindo Pharma Limited,"Abacavir 300mg, tablets, 60 Tabs",Abacavir,Generic,300mg,Tablet,60,120,1791.6,14.93,0.25,,"Aurobindo Unit III, India",Yes,12,160.52,reasonable,2.96
64904,Nigeria,PMO - US,Direct Drop,EXW,Air,0,No,HRDT,HIV test,"Orgenics, Ltd","HIV 1/2, Determine Complete HIV Kit, 100 Tests","HIV 1/2, Determine Complete HIV Kit",Determine,N/A,Test kit,100,2744,244216,89,0.89,,"Alere Medical Co., Ltd.",Yes,1186,24927.19,expensive,342.39
43912,Haiti,PMO - US,Direct Drop,EXW,Air,0,No,ARV,Adult,Aurobindo Pharma Limited,"Lamivudine/Zidovudine 150/300mg, tablets, 60 Tabs",Lamivudine/Zidovudine,Generic,150/300mg,Tablet - FDC,60,1217,8239.09,6.77,0.11,,"Aurobindo Unit III, India",Yes,124,976.44,reasonable,8.47
76112,Rwanda,PMO - US,Direct Drop,CIP,Air,0,No,ARV,Adult,MYLAN LABORATORIES LTD (FORMERLY MATRIX LABORATORIES),"Lamivudine/Tenofovir Disoproxil Fumarate 300/300mg, tablets, 30 Tabs",Lamivudine/Tenofovir Disoproxil Fumarate,Generic,300/300mg,Tablet - FDC,30,20700,226665,10.95,0.36,,Mylan (formerly Matrix) Nashik,Yes,1795,21340.35,expensive,444.26
36978,Vietnam,PMO - US,Direct Drop,EXW,Air,0,No,ARV,Pediatric,MICRO LABS LIMITED,"Efavirenz 50mg, capsule, 30 Caps",Efavirenz,Generic,50mg,Capsule,30,1240,2504.8,2.02,0.07,,"Micro labs, Verna, Goa, India",Yes,71,990.04,reasonable,3.51
75522,Vietnam,PMO - US,Direct Drop,EXW,Air,0,No,ARV,Adult,HETERO LABS LIMITED,"Efavirenz 600mg, tablets, 30 Tabs",Efavirenz,Generic,600mg,Tablet,30,11517,37315.08,3.24,0.11,,Hetero Unit III Hyderabad IN,Yes,1006,3001.35,reasonable,46.16
420,Vietnam,PMO - US,Direct Drop,EXW,Air,0,No,ARV,Adult,MYLAN LABORATORIES LTD (FORMERLY MATRIX LABORATORIES),"Efavirenz 600mg, tablets, 30 Tabs",Efavirenz,Generic,600mg,Tablet,30,8400,96432,11.48,0.38,,Mylan (formerly Matrix) Nashik,Yes,654,4051.34,reasonable,154.29
43635,Vietnam,PMO - US,Direct Drop,EXW,Air,0,No,ARV,Adult,MYLAN LABORATORIES LTD (FORMERLY MATRIX LABORATORIES),"Efavirenz/Lamivudine/Tenofovir Disoproxil Fumarate 600/300/300mg, tablets, 30 Tabs",Efavirenz/Lamivudine/Tenofovir Disoproxil Fumarate,Generic,600/300/300mg,Tablet - FDC,30,13907,155063.05,11.15,0.37,,Mylan (formerly Matrix) Nashik,Yes,1578,2689.85,reasonable,191.81
49919,Vietnam,PMO - US,Direct Drop,EXW,Air,0,No,ARV,Adult,MYLAN LABORATORIES LTD (FORMERLY MATRIX LABORATORIES),"Lamivudine/Nevirapine/Zidovudine 150/200/300mg, tablets, 60 Tabs",Lamivudine/Nevirapine/Zidovudine,Generic,150/300/200mg,Tablet - FDC,60,7000,56700,8.1,0.13,,Mylan (formerly Matrix) Nashik,Yes,974,1069.31,reasonable,58.29
36913,Guyana,PMO - US,Direct Drop,EXW,Air,0,No,HRDT,HIV test,"Trinity Biotech, Plc","HIV 1/2, Uni-Gold HIV Kit, 20 Tests","HIV 1/2, Uni-Gold HIV Kit",Uni-Gold,N/A,Test kit,20,1470,47040,32,1.6,,"Trinity Biotech, Plc",Yes,500,5255.14,expensive,101.42
8061,Tanzania,PMO - US,Direct Drop,EXW,Air,0,No,HRDT,HIV test,"Standard Diagnostics, Inc.","HIV 1/2, Bioline 3.0 Kit, Lancets, Capillary pipets, Alcohol swabs included, 25 Tests","HIV 1/2, Bioline 3.0 Kit, Lancets, Capillary pipets, Alcohol swabs included",Bioline,N/A,Test kit,25,10000,200000,20,0.8,,"Standard Diagnostics, Korea",Yes,3336,28837.28,expensive,320
76063,Haiti,PMO - US,Direct Drop,EXW,Air,0,No,ARV,Pediatric,MYLAN LABORATORIES LTD (FORMERLY MATRIX LABORATORIES),"Lamivudine/Zidovudine 30/60mg, tablets, 60 Tabs",Lamivudine/Zidovudine,Generic,30/60mg,Tablet - FDC,60,3192,6703.2,2.1,0.04,,Mylan (formerly Matrix) Nashik,Yes,157,2010.69,reasonable,8.29
16619,Zambia,PMO - US,Direct Drop,EXW,Air,0,No,ARV,Adult,Aurobindo Pharma Limited,"Lamivudine 150mg, tablets, 60 Tabs",Lamivudine,Generic,150mg,Tablet,60,20000,43000,2.15,0.04,,"Aurobindo Unit III, India",Yes,1044,5145.69,expensive,44.2
4650,Mozambique,PMO - US,Direct Drop,EXW,Air,0,No,HRDT,HIV test - Ancillary,"Orgenics, Ltd","HIV, Lancet, Safety, for HIV Test kits, 100 Pcs","HIV, Lancet, Safety, for HIV Test kits, 100 Pcs",Generic,N/A,Test kit - Ancillary,100,7690,76.9,0.01,0,,Inverness Japan,Yes,2278,23743.01,expensive,0.15
70404,Vietnam,PMO - US,Direct Drop,EXW,Air,0,No,ARV,Adult,HETERO LABS LIMITED,"Efavirenz 600mg, tablets, 30 Tabs",Efavirenz,Generic,600mg,Tablet,30,14374,46571.76,3.24,0.11,,"Hetero, Jadcherla, unit 5, IN",Yes,1228,1849.17,reasonable,57.61
56932,Cameroon,PMO - US,Direct Drop,EXW,Air,0,No,HRDT,HIV test,HUMAN GMBH,"HIV 1/2, HEXAGON Rapid HIV Kit, 100 Tests","HIV 1/2, HEXAGON Rapid HIV Kit",Hexagon,N/A,Test kit,100,30,3347.4,111.58,1.12,,Human Diagnostic,Yes,46,1003.18,reasonable,4.14
75091,Namibia,PMO - US,Direct Drop,EXW,Air,0,No,HRDT,HIV test,"Trinity Biotech, Plc","HIV 1/2, Uni-Gold HIV Kit, 20 Tests","HIV 1/2, Uni-Gold HIV Kit",Uni-Gold,N/A,Test kit,20,728,23296,32,1.6,,"Trinity Biotech, Plc",Yes,238,2789.67,reasonable,32.66
56165,Cote d'Ivoire,PMO - US,Direct Drop,CIP,Air,0,No,ARV,Adult,MERCK SHARP & DOHME IDEA GMBH (FORMALLY MERCK SHARP & DOHME B.V.),"Indinavir 400mg [Crixivan], capsules, 180 Caps",Indinavir,Crixivan,400mg,Capsule,180,2000,100000,50,0.28,,"MSD, Haarlem, NL",Yes,518,1434.5,reasonable,215.6
56335,Mozambique,PMO - US,Direct Drop,EXW,Air,0,No,ARV,Adult,Aurobindo Pharma Limited,"Didanosine 400mg, delayed-release capsules, 30 Caps",Didanosine,Generic,400mg,Delayed-release capsules,30,800,16000,20,0.67,,"Aurobindo Unit III, India",Yes,62,1045.5,reasonable,16.45
36717,Cote d'Ivoire,PMO - US,Direct Drop,EXW,Air,0,No,HRDT,HIV test,"CHEMBIO DIAGNOSTIC SYSTEMS, INC.","HIV 1/2, Stat-Pak HIV, Kit, 20 Tests","HIV 1/2, Stat-Pak HIV, Kit",Stat-Pak,N/A,Test kit,20,2483,67041,27,1.35,,Chembio Diagnostics Sys. Inc.,Yes,706,6150.75,expensive,144.54
60489,Ethiopia,PMO - US,Direct Drop,EXW,Air,0,No,HRDT,HIV test,"CHEMBIO DIAGNOSTIC SYSTEMS, INC.","HIV 1/2, Stat-Pak HIV, Kit, 20 Tests","HIV 1/2, Stat-Pak HIV, Kit",Stat-Pak,N/A,Test kit,20,832,24128,29,1.45,,Chembio Diagnostics Sys. Inc.,Yes,238,1945.45,reasonable,29.85
52367,Ghana,PMO - US,Direct Drop,EXW,Ocean,0,No,ARV,Adult,STRIDES ARCOLAB LIMITED,"Efavirenz 600mg, tablets, 30 Tabs",Efavirenz,Generic,600mg,Tablet,30,167716,535014.04,3.19,0.11,,"Strides, Bangalore, India.",Yes,10803,24636.23,expensive,549.99
59973,Namibia,PMO - US,Direct Drop,EXW,Air,0,No,HRDT,HIV test,"Orgenics, Ltd","HIV 1/2, Determine HIV Kit, without Lancets, 100 Tests","HIV 1/2, Determine HIV Kit, without Lancets",Determine,N/A,Test kit,100,170,11900,70,0.7,,Inverness Japan,Yes,40,2883.51,reasonable,25.66
29538,Haiti,PMO - US,Direct Drop,EXW,Air,0,No,ARV,Adult,MYLAN LABORATORIES LTD (FORMERLY MATRIX LABORATORIES),"Lamivudine/Nevirapine/Zidovudine 150/200/300mg, tablets, 60 Tabs",Lamivudine/Nevirapine/Zidovudine,Generic,150/300/200mg,Tablet - FDC,60,26608,215524.8,8.1,0.13,,Mylan (formerly Matrix) Nashik,Yes,3699,21146.04,expensive,221.56
41584,Zambia,PMO - US,Direct Drop,EXW,Air,1,Yes,HRDT,HIV test,"Orgenics, Ltd","HIV 1/2, Determine Complete HIV Kit, 100 Tests","HIV 1/2, Determine Complete HIV Kit",Determine,N/A,Test kit,100,3000,240000,80,0.8,,"Alere Medical Co., Ltd.",Yes,1428,25760.94,expensive,336.48
67501,Ethiopia,PMO - US,Direct Drop,EXW,Air,0,No,ARV,Adult,Aurobindo Pharma Limited,"Lopinavir/Ritonavir 200/50mg, tablets, 120 Tabs",Lopinavir/Ritonavir,Generic,200/50mg,Tablet,120,14498,487132.8,33.6,0.28,,"Aurobindo Unit III, India",Yes,3685,16359.2,expensive,803.77
68268,Ethiopia,PMO - US,Direct Drop,FCA,Air,0,No,ARV,Pediatric,ABBVIE LOGISTICS (FORMERLY ABBOTT LOGISTICS BV),"Lopinavir/Ritonavir 80/20mg/ml [Kaletra], oral solution, cool, Bottle 5 x 60 ml",Lopinavir/Ritonavir,Kaletra,80/20mg/ml,Oral solution,300,699,21543.18,30.82,0.1,,ABBVIE (Abbott) Logis. UK,Yes,728,6941.12,expensive,30.2
41045,Rwanda,PMO - US,Direct Drop,CIP,Air,0,No,ARV,Adult,HETERO LABS LIMITED,"Nevirapine 200mg, tablets, 60 Tabs",Nevirapine,Generic,200mg,Tablet,60,34500,106605,3.09,0.05,,Hetero Unit III Hyderabad IN,Yes,2044,10883.65,expensive,208.95
19406,Vietnam,PMO - US,Direct Drop,EXW,Air,0,No,ARV,Adult,HETERO LABS LIMITED,"Zidovudine 300mg, tablets, 60 Tabs",Zidovudine,Generic,300mg,Tablet,60,1082,6221.5,5.75,0.1,,Hetero Unit III Hyderabad IN,Yes,2228,3565.08,reasonable,7.7
4302,Cote d'Ivoire,PMO - US,Direct Drop,EXW,Air,1,Yes,HRDT,HIV test,BIO-RAD LABORATORIES (FRANCE),"#108853** HIV, Genie II HIV-1/HIV-2 Kit, 40 Tests","HIV, Genie II HIV-1/HIV-2 Kit",Genie,N/A,Test kit,40,476,36176,76,1.9,,Bio-Rad Laboratories,Yes,522,6924.83,expensive,57.88
81477,South Africa,PMO - US,Direct Drop,DDP,Ocean,0,No,ARV,Adult,Aurobindo Pharma Limited,"Lamivudine 150mg, tablets, 60 Tabs",Lamivudine,Generic,150mg,Tablet,60,75000,181500,2.42,0.04,,"Aurobindo Unit III, India",Yes,2915,6012.42,expensive,391.31
39441,Zambia,PMO - US,Direct Drop,EXW,Air,0,No,ARV,Pediatric,CIPLA LIMITED,"Lamivudine/Nevirapine/Stavudine 60/100/12mg, dispersible tablets, 60 Tabs",Lamivudine/Nevirapine/Stavudine,Generic,60/100/12mg,Chewable/dispersible tablet - FDC,60,70000,301000,4.3,0.07,,"Cipla, Goa, India",Yes,5999,25383.34,expensive,422
8023,Nigeria,PMO - US,Direct Drop,EXW,Air,0,No,HRDT,HIV test,Abbott GmbH & Co. KG,"HIV 1/2, Determine Complete HIV Kit, 100 Tests","HIV 1/2, Determine Complete HIV Kit",Determine,N/A,Test kit,100,2500,200000,80,0.8,,ABBVIE GmbH & Co.KG Wiesbaden,Yes,851,5469.91,expensive,
34122,Cote d'Ivoire,PMO - US,Direct Drop,EXW,Air,0,No,HRDT,HIV test,"Standard Diagnostics, Inc.","HIV 1/2, Bioline 3.0 Kit, Lancets, Capillary pipets, Alcohol swabs included, 25 Tests","HIV 1/2, Bioline 3.0 Kit, Lancets, Capillary pipets, Alcohol swabs included",Bioline,N/A,Test kit,25,2700,55350,20.5,0.82,,"Standard Diagnostics, Korea",Yes,900,9024.04,expensive,56.9
8192,Rwanda,PMO - US,Direct Drop,CIP,Air,0,No,ARV,Adult,CIPLA LIMITED,"Lamivudine/Nevirapine/Stavudine 150/200/30mg, tablets, 60 Tabs",Lamivudine/Nevirapine/Stavudine,Generic,150/200/30mg,Tablet - FDC,60,100000,700000,7,0.12,,"Cipla, Goa, India",Yes,10303,35034.75,expensive,1120
30186,Vietnam,PMO - US,Direct Drop,EXW,Air,0,No,ARV,Adult,MYLAN LABORATORIES LTD (FORMERLY MATRIX LABORATORIES),"Abacavir 300mg, tablets, 60 Tabs",Abacavir,Generic,300mg,Tablet,60,200,3148,15.74,0.26,,Mylan (formerly Matrix) Nashik,Yes,22,3587.81,reasonable,6.79
10102,Nigeria,PMO - US,Direct Drop,EXW,Air,0,No,HRDT,HIV test,"Orgenics, Ltd","HIV 1/2, Determine Complete HIV Kit, 100 Tests","HIV 1/2, Determine Complete HIV Kit",Determine,N/A,Test kit,100,3622,289760,80,0.8,,Inverness Japan,Yes,1091,15045.56,expensive,567.93
25767,Malawi,PMO - US,Direct Drop,EXW,Air,0,No,HRDT,HIV test,"Orgenics, Ltd","HIV 1/2, Determine Complete HIV Kit, 100 Tests","HIV 1/2, Determine Complete HIV Kit",Determine,N/A,Test kit,100,461,36880,80,0.8,,"Alere Medical Co., Ltd.",Yes,207,5248.93,expensive,45.62
42571,Pakistan,PMO - US,Direct Drop,EXW,Air,0,No,HRDT,HIV test,INVERNESS MEDICAL INNOVATIONS HONG KONG LTD,"HIV 1/2, Determine Complete HIV Kit, 100 Tests","HIV 1/2, Determine Complete HIV Kit",Determine,N/A,Test kit,100,4484,358720,80,0.8,,"Alere Medical Co., Ltd.",Yes,1948,21689.39,expensive,502.93
78479,Haiti,PMO - US,Direct Drop,FCA,Air,0,No,ARV,Adult,ABBVIE LOGISTICS (FORMERLY ABBOTT LOGISTICS BV),"Lopinavir/Ritonavir 200/50mg [Aluvia], tablets, 120 Tabs",Lopinavir/Ritonavir,Aluvia,200/50mg,Tablet,120,1865,36031.8,19.32,0.16,,ABBVIE Ludwigshafen Germany,Yes,463,3222.27,reasonable,44.57
13547,"Congo, DRC",PMO - US,Direct Drop,EXW,Air,0,No,HRDT,HIV test,"Trinity Biotech, Plc","HIV 1/2, Uni-Gold HIV Kit, 20 Tests","HIV 1/2, Uni-Gold HIV Kit",Uni-Gold,N/A,Test kit,20,77,2464,32,1.6,,"Trinity Biotech, Plc",Yes,509,8021.11,expensive,2.53
33807,Haiti,PMO - US,Direct Drop,FCA,Air,0,No,ARV,Pediatric,ABBVIE LOGISTICS (FORMERLY ABBOTT LOGISTICS BV),"Lopinavir/Ritonavir 100/25mg [Aluvia], tablets, 60 Tabs",Lopinavir/Ritonavir,Generic,100/25mg,Tablet,60,612,3635.28,5.94,0.1,,ABBVIE Ludwigshafen Germany,Yes,76,1259.05,reasonable,4.5
1251,Vietnam,PMO - US,Direct Drop,CIP,Air,0,No,ARV,Pediatric,BRISTOL-MYERS SQUIBB,"Didanosine 25mg [Videx], chewable tablets, 60 Tabs",Didanosine,Videx,25mg,Chewable/dispersible tablet,60,2800,19600,7,0.12,,"BMS Meymac, France",Yes,555,3292.15,reasonable,
8315,Haiti,PMO - US,Direct Drop,EXW,Air,0,No,HRDT,HIV test,Orasure Technologies Inc.,"HIV 1/2, OraQuick Advance HIV Rapid Antibody Kit, 100 Tests","HIV 1/2, OraQuick Advance HIV Rapid Antibody Kit",OraQuick,N/A,Test kit,100,30,10500,350,3.5,,"Pacific Biotech, Thailand",Yes,72,2556.61,reasonable,16.8
40479,Tanzania,PMO - US,Direct Drop,FCA,Air,0,No,ARV,Pediatric,ABBVIE LOGISTICS (FORMERLY ABBOTT LOGISTICS BV),"Lopinavir/Ritonavir 80/20mg/ml [Kaletra], oral solution, cool, Bottle 5 x 60 ml",Lopinavir/Ritonavir,Kaletra,80/20mg/ml,Oral solution,300,304,9369.28,30.82,0.1,,ABBVIE (Abbott) Logis. UK,Yes,278,5656.74,expensive,9.63
51911,Cameroon,PMO - US,Direct Drop,EXW,Air,0,No,ARV,Adult,Aurobindo Pharma Limited,"Lamivudine/Tenofovir Disoproxil Fumarate 300/300mg, tablets, 30 Tabs",Lamivudine/Tenofovir Disoproxil Fumarate,Generic,300/300mg,Tablet - FDC,30,32400,150660,4.65,0.16,,"Aurobindo Unit VII, IN",Yes,3227,26930.79,expensive,186.37
73301,Uganda,PMO - US,Direct Drop,FCA,Air,0,No,ARV,Adult,Hoffmann-La Roche ltd Basel,"Saquinavir 500mg [Invirase], tablets, 120 Tabs",Saquinavir,Invirase,500mg,Tablet,120,98,10150.19,103.57,0.86,,Roche Madrid,Yes,18,968.25,reasonable,16.75
1309,Ethiopia,PMO - US,Direct Drop,EXW,Air,0,No,HRDT,HIV test,Abbott GmbH & Co. KG,"HIV 1/2, Determine Complete HIV Kit, 100 Tests","HIV 1/2, Determine Complete HIV Kit",Determine,N/A,Test kit,100,4650,372000,80,0.8,,ABBVIE GmbH & Co.KG Wiesbaden,Yes,1707,24859.45,expensive,
76217,Mozambique,PMO - US,Direct Drop,EXW,Air,1,Yes,HRDT,HIV test,"Orgenics, Ltd","HIV 1/2, Determine Complete HIV Kit, 100 Tests","HIV 1/2, Determine Complete HIV Kit",Determine,N/A,Test kit,100,2863,229040,80,0.8,,"Alere Medical Co., Ltd.",Yes,1298,13146.21,expensive,283.32
5175,Tanzania,PMO - US,Direct Drop,FCA,Air,0,No,ARV,Adult,Hoffmann-La Roche ltd Basel,"Saquinavir 200mg [Invirase], capsules, 270 Caps",Saquinavir,Invirase,200mg,Capsule,270,820,73074.13,89.11,0.33,,Roche Basel,Yes,424,3310.89,reasonable,143.23
4100,Cote d'Ivoire,PMO - US,Direct Drop,EXW,Air,0,No,HRDT,HIV test,"CHEMBIO DIAGNOSTIC SYSTEMS, INC.","HIV 1/2, Stat-Pak HIV, Kit, 20 Tests","HIV 1/2, Stat-Pak HIV, Kit",Stat-Pak,N/A,Test kit,20,250,6750,27,1.35,,Chembio Diagnostics Sys. Inc.,Yes,68,1711.86,reasonable,10.8
2733,Cote d'Ivoire,PMO - US,Direct Drop,EXW,Air,0,No,HRDT,HIV test,Orasure Technologies Inc.,"HIV 1/2, OraQuick Advance HIV Rapid Antibody Kit, 100 Tests","HIV 1/2, OraQuick Advance HIV Rapid Antibody Kit",OraQuick,N/A,Test kit,100,50,20000,400,4,,"Pacific Biotech, Thailand",Yes,120,3004.62,reasonable,
27269,Rwanda,PMO - US,Direct Drop,FCA,Air,0,No,ARV,Adult,ABBVIE LOGISTICS (FORMERLY ABBOTT LOGISTICS BV),"Ritonavir 100mg [Norvir], film coated tablets, 60 Tabs",Ritonavir,Norvir,100mg,Tablet,60,1514,10370.9,6.85,0.11,,ABBVIE Ludwigshafen Germany,Yes,204,1949.64,reasonable,10.66
43136,Kenya,PMO - US,Direct Drop,EXW,Air,0,No,HRDT,HIV test,"Orgenics, Ltd","HIV 1/2, Determine Complete HIV Kit, 100 Tests","HIV 1/2, Determine Complete HIV Kit",Determine,N/A,Test kit,100,3000,240000,80,0.8,,Inverness Japan,Yes,907,9014.8,expensive,470.4
1648,Botswana,PMO - US,Direct Drop,EXW,Air,0,No,HRDT,HIV test,Orasure Technologies Inc.,"HIV 1/2, OraQuick Advance HIV Rapid Antibody Kit, 100 Tests","HIV 1/2, OraQuick Advance HIV Rapid Antibody Kit",OraQuick,N/A,Test kit,100,10,3500,350,3.5,,"Pacific Biotech, Thailand",Yes,39,604,reasonable,5.6
32594,Cameroon,PMO - US,Direct Drop,EXW,Air,0,No,HRDT,HIV test,"Orgenics, Ltd","HIV 1/2, Determine Kit without Lancets, Buffer or Caplillary Tubes, 100 Tests","HIV 1/2, Determine Kit without Lancets, Buffer or Capillary Tubes, 100 Tests",Determine,N/A,Test kit,100,120,8658,72.15,0.72,,"Alere Medical Co., Ltd.",Yes,22,1243.98,reasonable,12.14
50665,Cote d'Ivoire,PMO - US,Direct Drop,FCA,Air,0,No,ARV,Adult,ABBVIE LOGISTICS (FORMERLY ABBOTT LOGISTICS BV),"Lopinavir/Ritonavir 200/50mg [Aluvia], tablets, 120 Tabs",Lopinavir/Ritonavir,Aluvia,200/50mg,Tablet,120,10560,381849.6,36.16,0.3,,ABBVIE Ludwigshafen Germany,Yes,2598,15873.33,expensive,748.43
74178,Uganda,PMO - US,Direct Drop,EXW,Air,0,No,ARV,Pediatric,MYLAN LABORATORIES LTD (FORMERLY MATRIX LABORATORIES),"Efavirenz 200mg, tablets, 30 Tabs",Efavirenz,Generic,200mg,Tablet,30,61386,92079,1.5,0.05,,Mylan (formerly Matrix) Nashik,Yes,3262,12034.96,expensive,113.9
176,Nigeria,PMO - US,Direct Drop,EXW,Air,0,No,HRDT,HIV test,"CHEMBIO DIAGNOSTIC SYSTEMS, INC.","HIV 1/2, Stat-Pak HIV, Kit, 20 Tests","HIV 1/2, Stat-Pak HIV, Kit",Stat-Pak,N/A,Test kit,20,10000,270000,27,1.35,,Chembio Diagnostics Sys. Inc.,Yes,3263,20885.78,expensive,432
4709,Rwanda,PMO - US,Direct Drop,CIP,Air,0,No,ARV,Adult,CIPLA LIMITED,"Lamivudine/Zidovudine 150/300mg, tablets, 60 Tabs",Lamivudine/Zidovudine,Generic,150/300mg,Tablet - FDC,60,18560,168896,9.1,0.15,,"Cipla, Goa, India",Yes,1698,16414.22,expensive,331.04
74398,South Africa,PMO - US,Direct Drop,DDP,Ocean,0,No,ARV,Adult,Aurobindo Pharma Limited,"Efavirenz 600mg, tablets, 30 Tabs",Efavirenz,Generic,600mg,Tablet,30,78595,354463.45,4.51,0.15,,"Aurobindo Unit III, India",Yes,6681,9323.27,expensive,584.86
40963,Nigeria,PMO - US,Direct Drop,EXW,Air,0,No,HRDT,HIV test,"Orgenics, Ltd","HIV 1/2, Determine Complete HIV Kit, 100 Tests","HIV 1/2, Determine Complete HIV Kit",Determine,N/A,Test kit,100,6170,549130,89,0.89,,"Alere Medical Co., Ltd.",Yes,2498,30648.28,expensive,564.51
26741,South Sudan,PMO - US,Direct Drop,EXW,Air,0,No,HRDT,HIV test,"Orgenics, Ltd","HIV 1/2, Determine Complete HIV Kit, 100 Tests","HIV 1/2, Determine Complete HIV Kit",Determine,N/A,Test kit,100,544,48416,89,0.89,,"Alere Medical Co., Ltd.",Yes,226,5613.63,expensive,59.89
985,Tanzania,PMO - US,Direct Drop,FCA,Air,0,No,ARV,Pediatric,ABBVIE LOGISTICS (FORMERLY ABBOTT LOGISTICS BV),"Lopinavir/Ritonavir 80/20mg/ml [Kaletra], oral solution, cool, Bottle 5 x 60 ml",Lopinavir/Ritonavir,Kaletra,80/20mg/ml,Oral solution,300,524,21536.4,41.1,0.14,,ABBVIE (Abbott) Logis. UK,Yes,644,6668.61,expensive,42.21
8440,Botswana,PMO - US,Direct Drop,EXW,Air,0,No,HRDT,HIV test,"Trinity Biotech, Plc","HIV 1/2, Uni-Gold HIV Kit, 20 Tests","HIV 1/2, Uni-Gold HIV Kit",Uni-Gold,N/A,Test kit,20,500,16000,32,1.6,,"Trinity Biotech, Plc",Yes,166,1225.17,reasonable,25.6
30211,Rwanda,PMO - US,Direct Drop,EXW,Air,0,No,ARV,Adult,Aurobindo Pharma Limited,"Didanosine 400mg, delayed-release capsules, 30 Caps",Didanosine,Generic,400mg,Delayed-release capsules,30,1008,20160,20,0.67,,"Aurobindo Unit III, India",Yes,213,3024.36,reasonable,28.26
34456,Ghana,PMO - US,Direct Drop,EXW,Air,0,No,ARV,Adult,STRIDES ARCOLAB LIMITED,"Efavirenz 600mg, tablets, 30 Tabs",Efavirenz,Generic,600mg,Tablet,30,33144,105729.36,3.19,0.11,,"Strides, Bangalore, India.",Yes,1874,9507.26,expensive,108.69
61623,Haiti,PMO - US,Direct Drop,EXW,Ocean,0,No,ARV,Pediatric,Aurobindo Pharma Limited,"Nevirapine 50mg, dispersible tablets (tablets for oral suspension), 30 Tabs",Nevirapine,Generic,50mg,Chewable/dispersible tablet,30,2293,2866.25,1.25,0.04,,"Aurobindo Unit III, India",Yes,122,2461.63,reasonable,3.55
62228,Nigeria,PMO - US,Direct Drop,EXW,Air,1,Yes,HRDT,HIV test,"Orgenics, Ltd","HIV 1/2, Determine Complete HIV Kit, 100 Tests","HIV 1/2, Determine Complete HIV Kit",Determine,N/A,Test kit,100,10364,922396,89,0.89,,"Alere Medical Co., Ltd.",Yes,4212,62466.03,expensive,948.22
1888,Rwanda,PMO - US,Direct Drop,CIP,Air,0,No,ARV,Adult,Aurobindo Pharma Limited,"Lamivudine/Nevirapine/Zidovudine 150/200/300mg, tablets, 60 Tabs",Lamivudine/Nevirapine/Zidovudine,Generic,150/300/200mg,Tablet - FDC,60,47879,569281.31,11.89,0.2,,"Aurobindo Unit III, India",Yes,5311,30408.04,expensive,910.85
1973,Ethiopia,PMO - US,Direct Drop,EXW,Air,0,No,HRDT,HIV test,"CHEMBIO DIAGNOSTIC SYSTEMS, INC.","HIV 1/2, Stat-Pak HIV, Kit, 20 Tests","HIV 1/2, Stat-Pak HIV, Kit",Stat-Pak,N/A,Test kit,20,3982,107514,27,1.35,,Chembio Diagnostics Sys. Inc.,Yes,1445,7303.25,expensive,210.73
10438,Vietnam,PMO - US,Direct Drop,EXW,Air,0,No,ARV,Adult,MYLAN LABORATORIES LTD (FORMERLY MATRIX LABORATORIES),"Efavirenz 600mg, tablets, 30 Tabs",Efavirenz,Generic,600mg,Tablet,30,22512,146328,6.5,0.22,,Mylan (formerly Matrix) Nashik,Yes,1775,5761.87,expensive,286.8
71386,Nigeria,PMO - US,Direct Drop,EXW,Air,0,No,HRDT,HIV test,"Orgenics, Ltd","HIV 1/2, Determine Complete HIV Kit, 100 Tests","HIV 1/2, Determine Complete HIV Kit",Determine,N/A,Test kit,100,6350,565150,89,0.89,,"Alere Medical Co., Ltd.",Yes,2575,29274.16,expensive,665.18
48151,Rwanda,PMO - US,Direct Drop,EXW,Air,0,No,ARV,Adult,Aurobindo Pharma Limited,"Lamivudine/Tenofovir Disoproxil Fumarate 300/300mg, tablets, 30 Tabs",Lamivudine/Tenofovir Disoproxil Fumarate,Generic,300/300mg,Tablet - FDC,30,42074,225095.9,5.35,0.18,,"Aurobindo Unit VII, IN",Yes,4105,25382.52,expensive,315.58
58716,Uganda,PMO - US,Direct Drop,DDP,Air,0,No,ARV,Adult,ASPEN PHARMACARE,"Darunavir 300mg [Prezista], tablets, 120 Tabs",Darunavir,Prezista,300mg,Tablet,120,173,11521.8,66.6,0.55,,"Aspen-OSD, Port Elizabeth, SA",Yes,35,251.52,reasonable,16.15
70788,Nigeria,PMO - US,Direct Drop,EXW,Air,0,No,HRDT,HIV test,"Orgenics, Ltd","HIV 1/2, Determine Complete HIV Kit, 100 Tests","HIV 1/2, Determine Complete HIV Kit",Determine,N/A,Test kit,100,3200,284800,89,0.89,,"Alere Medical Co., Ltd.",Yes,1533,35813.98,expensive,399.29
57747,Haiti,PMO - US,Direct Drop,EXW,Air,0,No,ARV,Pediatric,Aurobindo Pharma Limited,"Nevirapine 50mg, dispersible tablets (tablets for oral suspension), 30 Tabs",Nevirapine,Generic,50mg,Chewable/dispersible tablet,30,2891,3613.75,1.25,0.04,,"Aurobindo Unit III, India",Yes,156,1887.58,reasonable,5.07
33882,South Africa,PMO - US,Direct Drop,DDP,Ocean,0,No,ARV,Adult,CIPLA LIMITED,"Tenofovir Disoproxil Fumarate 300mg, tablets, 30 Tabs",Tenofovir Disoproxil Fumarate,Generic,300mg,Tablet,30,150000,1029000,6.86,0.23,,"Cipla, Goa, India",Yes,10151,19569.93,expensive,1697.85
10086,Ethiopia,PMO - US,Direct Drop,EXW,Air,0,No,HRDT,HIV test,"CHEMBIO DIAGNOSTIC SYSTEMS, INC.","HIV 1/2, Stat-Pak HIV, Kit, 20 Tests","HIV 1/2, Stat-Pak HIV, Kit",Stat-Pak,N/A,Test kit,20,3711,100197,27,1.35,,Chembio Diagnostics Sys. Inc.,Yes,1341,6112.63,expensive,196.39
80423,Uganda,PMO - US,Direct Drop,EXW,Air,0,No,ARV,Adult,ASPEN PHARMACARE,"Darunavir 300mg [Prezista], tablets, 120 Tabs",Darunavir,Prezista,300mg,Tablet,120,175,15750,90,0.75,,"Aspen-OSD, Port Elizabeth, SA",Yes,37,1333.01,reasonable,25.99
32313,Rwanda,PMO - US,Direct Drop,CIP,Air,0,No,ARV,Adult,Aurobindo Pharma Limited,"Didanosine 400mg, delayed-release capsules, 30 Caps",Didanosine,Generic,400mg,Delayed-release capsules,30,595,12048.75,20.25,0.68,,"Aurobindo Unit III, India",Yes,87,255,reasonable,25.98
7975,Uganda,PMO - US,Direct Drop,EXW,Air,0,No,ARV,Adult,ASPEN PHARMACARE,"Lamivudine/Zidovudine+Nevirapine 150/300+200mg, tablets, co-blister, 60+60 Tabs",Lamivudine/Zidovudine+Nevirapine,Generic,150/300+200mg,Tablet - FDC + co-blister,120,1270,26670,21,0.18,,"Aspen-OSD, Port Elizabeth, SA",Yes,201,1262.91,reasonable,
78435,Namibia,PMO - US,Direct Drop,EXW,Air,0,No,HRDT,HIV test,"Orgenics, Ltd","HIV 1/2, Determine HIV Kit, without Lancets, 100 Tests","HIV 1/2, Determine HIV Kit, without Lancets",Determine,N/A,Test kit,100,100,7770,77.7,0.78,,Inverness Japan,Yes,24,677.37,reasonable,12.82
55064,Ethiopia,PMO - US,Direct Drop,EXW,Air,0,No,HRDT,HIV test,"Trinity Biotech, Plc","HIV 1/2, Uni-Gold HIV Kit, 20 Tests","HIV 1/2, Uni-Gold HIV Kit",Uni-Gold,N/A,Test kit,20,170,5440,32,1.6,,"Trinity Biotech, Plc",Yes,58,143.57,reasonable,6.4
77780,Uganda,PMO - US,Direct Drop,CIP,Air,0,No,ARV,Adult,MERCK SHARP & DOHME IDEA GMBH (FORMALLY MERCK SHARP & DOHME B.V.),"Raltegravir 400mg [Isentress], tablets, 60 Tabs",Raltegravir,Isentress,400mg,Tablet,60,168,9324,55.5,0.92,,"MSD, Haarlem, NL",Yes,35,886,reasonable,13.07
4193,Rwanda,PMO - US,Direct Drop,CIP,Air,0,No,ARV,Adult,CIPLA LIMITED,"Lamivudine/Nevirapine/Stavudine 150/200/30mg, tablets, 60 Tabs",Lamivudine/Nevirapine/Stavudine,Generic,150/200/30mg,Tablet - FDC,60,38784,271488,7,0.12,,"Cipla, Goa, India",Yes,4124,10500,expensive,434.38
40665,Ethiopia,PMO - US,Direct Drop,EXW,Air,0,No,HRDT,HIV test,"SHANGHAI KEHUA BIOENGINEERING CO.,LTD.  (KHB)","HIV 1/2, SKB Colloidal Gold, Diagnostic Kit, Antibody, 50 Tests","HIV 1/2, Colloidal Gold, Diagnostic Kit, Antibody",Colloidal Gold,N/A,Test kit,1,25004,612598,24.5,24.5,,"KHB Test Kit Facility, Shanghai China",Yes,17367,161962.32,expensive,858.86
72085,Rwanda,PMO - US,Direct Drop,EXW,Ocean,0,No,ARV,Adult,HETERO LABS LIMITED,"Efavirenz 600mg, tablets, 30 Tabs",Efavirenz,Generic,600mg,Tablet,30,20370,72720.9,3.57,0.12,,Hetero Unit III Hyderabad IN,Yes,1619,9054.61,expensive,101.95
78589,Botswana,PMO - US,Direct Drop,EXW,Air,0,No,ARV,Adult,HETERO LABS LIMITED,"Efavirenz/Emtricitabine/Tenofovir Disoproxil Fumarate 600/200/300mg, tablets, 30 Tabs",Efavirenz/Emtricitabine/Tenofovir Disoproxil Fumarate,Generic,600/200/300mg,Tablet - FDC,30,34735,362286.05,10.43,0.35,,"Hetero, Jadcherla, unit 5, IN",Yes,4260,21035.49,expensive,426.41
20274,Vietnam,PMO - US,Direct Drop,EXW,Air,0,No,ARV,Adult,HETERO LABS LIMITED,"Efavirenz/Lamivudine/Tenofovir Disoproxil Fumarate 600/300/300mg, tablets, 30 Tabs",Efavirenz/Lamivudine/Tenofovir Disoproxil Fumarate,Generic,600/300/300mg,Tablet - FDC,30,17280,181440,10.5,0.35,,Hetero Unit III Hyderabad IN,Yes,2401,3701.66,reasonable,186.52
50876,Rwanda,PMO - US,Direct Drop,EXW,Ocean,0,No,ARV,Adult,HETERO LABS LIMITED,"Lamivudine/Nevirapine/Stavudine 150/200/30mg, tablets, 60 Tabs",Lamivudine/Nevirapine/Stavudine,Generic,150/200/30mg,Tablet - FDC,60,63410,278369.9,4.39,0.07,,Hetero Unit III Hyderabad IN,Yes,6589,17075.43,expensive,390.27
67023,Guyana,PMO - US,Direct Drop,EXW,Air,0,No,ARV,Adult,HETERO LABS LIMITED,"Emtricitabine/Tenofovir Disoproxil Fumarate 200/300mg, tablets, 30 Tabs",Emtricitabine/Tenofovir Disoproxil Fumarate,Generic,200/300mg,Tablet - FDC,30,2175,12158.25,5.59,0.19,,Hetero Unit III Hyderabad IN,Yes,252,2531.62,reasonable,12.5
1527,Nigeria,PMO - US,Direct Drop,EXW,Air,0,No,HRDT,HIV test,"CHEMBIO DIAGNOSTIC SYSTEMS, INC.","HIV 1/2, Stat-Pak HIV, Kit, 20 Tests","HIV 1/2, Stat-Pak HIV, Kit",Stat-Pak,N/A,Test kit,20,10000,270000,27,1.35,,Chembio Diagnostics Sys. Inc.,Yes,3336,28002.75,expensive,432
65241,Malawi,PMO - US,Direct Drop,EXW,Air,0,No,HRDT,HIV test,"Trinity Biotech, Plc","HIV 1/2, Uni-Gold HIV Kit, 20 Tests","HIV 1/2, Uni-Gold HIV Kit",Uni-Gold,N/A,Test kit,20,15,480,32,1.6,,"Trinity Biotech, Plc",Yes,5,572.55,reasonable,0.59
25220,Nigeria,PMO - US,Direct Drop,EXW,Air,1,Yes,HRDT,HIV test,"Orgenics, Ltd","HIV 1/2, Determine Complete HIV Kit, 100 Tests","HIV 1/2, Determine Complete HIV Kit",Determine,N/A,Test kit,100,2352,209328,89,0.89,,"Alere Medical Co., Ltd.",Yes,1058,21683.23,expensive,293.48
30022,Uganda,PMO - US,Direct Drop,EXW,Air,0,No,ARV,Adult,Aurobindo Pharma Limited,"Didanosine 250mg, delayed-release capsules, 30 Caps",Didanosine,Generic,250mg,Delayed-release capsules,30,677,8801,13,0.43,,"Aurobindo Unit III, India",Yes,46,1458.88,reasonable,10.89
74268,Namibia,PMO - US,Direct Drop,EXW,Air,0,No,HRDT,HIV test,"Orgenics, Ltd","HIV 1/2, Determine HIV Kit, without Lancets, 100 Tests","HIV 1/2, Determine HIV Kit, without Lancets",Determine,N/A,Test kit,100,200,14000,70,0.7,,Inverness Japan,Yes,45,10486.42,expensive,30.18
57738,Cameroon,PMO - US,Direct Drop,EXW,Air,0,No,ARV,Adult,MYLAN LABORATORIES LTD (FORMERLY MATRIX LABORATORIES),"Efavirenz/Lamivudine/Tenofovir Disoproxil Fumarate 600/300/300mg, tablets, 30 Tabs",Efavirenz/Lamivudine/Tenofovir Disoproxil Fumarate,Generic,600/300/300mg,Tablet - FDC,30,44407,495138.05,11.15,0.37,,Mylan (formerly Matrix) Nashik,Yes,5016,43408.7,expensive,612.49
78427,"Congo, DRC",PMO - US,Direct Drop,FCA,Air,1,Yes,ARV,Pediatric,ABBVIE LOGISTICS (FORMERLY ABBOTT LOGISTICS BV),"Lopinavir/Ritonavir 100/25mg [Aluvia], tablets, 60 Tabs",Lopinavir/Ritonavir,Generic,100/25mg,Tablet,60,24,142.56,5.94,0.1,,ABBVIE Ludwigshafen Germany,Yes,8,767.87,reasonable,0.18
37506,Vietnam,PMO - US,Direct Drop,FCA,Air,0,No,ARV,Adult,ABBVIE LOGISTICS (FORMERLY ABBOTT LOGISTICS BV),"Lopinavir/Ritonavir 200/50mg [Aluvia], tablets, 120 Tabs",Lopinavir/Ritonavir,Aluvia,200/50mg,Tablet,120,4165,342363,82.2,0.68,,ABBVIE Ludwigshafen Germany,Yes,1010,5417.87,expensive,738.13
7696,Haiti,PMO - US,Direct Drop,EXW,Air,0,No,ARV,Pediatric,Aurobindo Pharma Limited,"Efavirenz 50mg, capsule, 30 Caps",Efavirenz,Generic,50mg,Capsule,30,1242,2782.08,2.24,0.07,,"Aurobindo Unit III, India",Yes,96,1448.55,reasonable,5.45
3294,Uganda,PMO - US,Direct Drop,CIP,Air,0,No,ARV,Adult,BRISTOL-MYERS SQUIBB,"Didanosine EC 400mg [Videx EC], delayed-release capsules, Blister 3 x 10 Caps",Didanosine EC,Videx EC,400mg,Delayed-release capsules - blister,30,50,1183.5,23.67,0.79,,"BMS Meymac, France",Yes,2,330,reasonable,1.89
30784,Dominican Republic,PMO - US,Direct Drop,EXW,Air,0,No,ARV,Adult,Aurobindo Pharma Limited,"Lopinavir/Ritonavir 200/50mg, tablets, 120 Tabs",Lopinavir/Ritonavir,Generic,200/50mg,Tablet,120,9242,323470,35,0.29,,"Aurobindo Unit III, India",Yes,2373,16173.9,expensive,533.73
16828,Vietnam,PMO - US,Direct Drop,EXW,Air,0,No,ARV,Adult,MYLAN LABORATORIES LTD (FORMERLY MATRIX LABORATORIES),"Abacavir 300mg, tablets, 60 Tabs",Abacavir,Generic,300mg,Tablet,60,100,1750,17.5,0.29,,Mylan (formerly Matrix) Nashik,Yes,2128,7784.92,expensive,3.77
63648,Haiti,PMO - US,Direct Drop,CIP,Air,0,No,ARV,Adult,MERCK SHARP & DOHME IDEA GMBH (FORMALLY MERCK SHARP & DOHME B.V.),"Indinavir 400mg [Crixivan], capsules, 180 Caps",Indinavir,Crixivan,400mg,Capsule,180,28,1400,50,0.28,,"MSD, Haarlem, NL",Yes,7,290,reasonable,3.02
9390,Zimbabwe,PMO - US,Direct Drop,EXW,Air,0,No,HRDT,HIV test,Orasure Technologies Inc.,"HIV 1/2, OraQuick Advance HIV Rapid Antibody Kit, 100 Tests","HIV 1/2, OraQuick Advance HIV Rapid Antibody Kit",OraQuick,N/A,Test kit,100,10,3500,350,3.5,,"Pacific Biotech, Thailand",Yes,24,536.08,reasonable,5.6
6253,Namibia,PMO - US,Direct Drop,EXW,Air,0,No,HRDT,HIV test,"Trinity Biotech, Plc","HIV 1/2, Uni-Gold HIV Kit, 20 Tests","HIV 1/2, Uni-Gold HIV Kit",Uni-Gold,N/A,Test kit,20,700,22400,32,1.6,,"Trinity Biotech, Plc",Yes,236,6862.01,expensive,43.9
28318,Dominican Republic,PMO - US,Direct Drop,EXW,Air,0,No,HRDT,HIV test,"Orgenics, Ltd","HIV 1/2, Determine Complete HIV Kit, 100 Tests","HIV 1/2, Determine Complete HIV Kit",Determine,N/A,Test kit,100,1775,163300,92,0.92,,"Alere Medical Co., Ltd.",Yes,791,12643.47,expensive,202
1279,Zimbabwe,PMO - US,Direct Drop,CIP,Air,0,No,ARV,Adult,INTERNATIONAL HEALTHCARE DISTRIBUTORS,"Lopinavir/Ritonavir 133.3/33.3mg [Kaletra], capsules, cool, 2 x 90 Caps",Lopinavir/Ritonavir,Kaletra,133.3/33.3mg,Capsule,180,260,11096.8,42.68,0.24,,ABBVIE (Abbott) St. P'burg USA,Yes,135,,,
36810,Kenya,PMO - US,Direct Drop,EXW,Air,0,No,HRDT,HIV test,"Orgenics, Ltd","HIV 1/2, Determine Complete HIV Kit, 100 Tests","HIV 1/2, Determine Complete HIV Kit",Determine,N/A,Test kit,100,6959,619351,89,0.89,,"Alere Medical Co., Ltd.",Yes,1198,13543.63,expensive,1021.93
48623,Uganda,PMO - US,Direct Drop,EXW,Air,0,No,ARV,Adult,MYLAN LABORATORIES LTD (FORMERLY MATRIX LABORATORIES),"Atazanavir/Ritonavir 300/100mg, tablets, 30 Tabs",Atazanavir/Ritonavir,Generic,300/100mg,Tablet,30,1558,35055,22.5,0.75,,Mylan (formerly Matrix) Nashik,Yes,195,3387.72,reasonable,49.15
22698,Guyana,PMO - US,Direct Drop,EXW,Air,0,No,ARV,Adult,"PUETRO RICO PHARMACEUTICAL, INC.","Emtricitabine/Tenofovir Disoproxil Fumarate 200/300mg [Truvada], tablets, 30 Tabs",Emtricitabine/Tenofovir Disoproxil Fumarate,Truvada,300/200mg,Tablet - FDC,30,4900,147931,30.19,1.01,,Gilead(Nycomed) Oranienburg DE,Yes,390,2748.16,reasonable,289.94
4457,Vietnam,PMO - US,Direct Drop,EXW,Air,0,No,ARV,Adult,Aurobindo Pharma Limited,"Nevirapine 200mg, tablets, 60 Tabs",Nevirapine,Generic,200mg,Tablet,60,2180,6997.8,3.21,0.05,,"Aurobindo Unit III, India",Yes,242,5881.57,expensive,11.2
27092,Uganda,PMO - US,Direct Drop,FCA,Air,0,No,ARV,Pediatric,ABBVIE LOGISTICS (FORMERLY ABBOTT LOGISTICS BV),"Lopinavir/Ritonavir 100/25mg [Aluvia], tablets, 60 Tabs",Lopinavir/Ritonavir,Generic,100/25mg,Tablet,60,2565,15236.1,5.94,0.1,,ABBVIE Ludwigshafen Germany,Yes,304,2808.12,reasonable,18.85
70763,Vietnam,PMO - US,Direct Drop,EXW,Air,0,No,ARV,Adult,Aurobindo Pharma Limited,"Tenofovir Disoproxil Fumarate 300mg, tablets, 30 Tabs",Tenofovir Disoproxil Fumarate,Generic,300mg,Tablet,30,8400,65100,7.75,0.26,,"Aurobindo Unit III, India",Yes,909,5964.52,expensive,140.36
28676,Guyana,PMO - US,Direct Drop,EXW,Air,0,No,HRDT,HIV test,"Trinity Biotech, Plc","HIV 1/2, Uni-Gold HIV Kit, 20 Tests","HIV 1/2, Uni-Gold HIV Kit",Uni-Gold,N/A,Test kit,20,3140,100480,32,1.6,,"Trinity Biotech, Plc",Yes,1024,10304.62,expensive,124.29
2756,Nigeria,PMO - US,Direct Drop,EXW,Air,0,No,HRDT,HIV test,"CHEMBIO DIAGNOSTIC SYSTEMS, INC.","HIV 1/2, Stat-Pak HIV, Kit, 20 Tests","HIV 1/2, Stat-Pak HIV, Kit",Stat-Pak,N/A,Test kit,20,8000,216000,27,1.35,,Chembio Diagnostics Sys. Inc.,Yes,2603,22838.29,expensive,345.6
67195,Guyana,PMO - US,Direct Drop,FCA,Air,0,No,ARV,Pediatric,ABBVIE LOGISTICS (FORMERLY ABBOTT LOGISTICS BV),"Lopinavir/Ritonavir 80/20mg/ml [Kaletra], oral solution, cool, Bottle 5 x 60 ml",Lopinavir/Ritonavir,Kaletra,80/20mg/ml,Oral solution,300,17,1033.94,60.82,0.2,,ABBVIE (Abbott) Logis. UK,Yes,50,828.23,reasonable,1.06
5279,Vietnam,PMO - US,Direct Drop,EXW,Air,0,No,ARV,Adult,SUN PHARMACEUTICAL INDUSTRIES LTD (RANBAXY LABORATORIES LIMITED),"Lamivudine 150mg, tablets, 60 Tabs",Lamivudine,Generic,150mg,Tablet,60,98400,329640,3.35,0.06,,"Ranbaxy, Paonta Shahib, India",Yes,4300,27923.26,expensive,
14605,Haiti,PMO - US,Direct Drop,EXW,Ocean,0,No,ARV,Adult,HETERO LABS LIMITED,"Efavirenz 600mg, tablets, 30 Tabs",Efavirenz,Generic,600mg,Tablet,30,71376,231258.24,3.24,0.11,,"Hetero, Jadcherla, unit 5, IN",Yes,5864,7558.01,expensive,286.07
6624,Zambia,PMO - US,Direct Drop,EXW,Air,0,No,ARV,Adult,"GILEAD SCIENCES IRELAND, INC.","Emtricitabine/Tenofovir Disoproxil Fumarate 200/300mg [Truvada], tablets, 30 Tabs",Emtricitabine/Tenofovir Disoproxil Fumarate,Truvada,300/200mg,Tablet - FDC,30,14851,389838.75,26.25,0.88,,Gilead(Nycomed) Oranienburg DE,Yes,1244,6546.69,expensive,
31116,Vietnam,PMO - US,Direct Drop,EXW,Air,0,No,ARV,Adult,MYLAN LABORATORIES LTD (FORMERLY MATRIX LABORATORIES),"Lamivudine/Nevirapine/Zidovudine 150/200/300mg, tablets, 60 Tabs",Lamivudine/Nevirapine/Zidovudine,Generic,150/300/200mg,Tablet - FDC,60,18406,202466,11,0.18,,Mylan (formerly Matrix) Nashik,Yes,2571,13880.57,expensive,334.07
51410,Haiti,PMO - US,Direct Drop,EXW,Ocean,0,No,ARV,Adult,Aurobindo Pharma Limited,"Efavirenz 600mg, tablets, 30 Tabs",Efavirenz,Generic,600mg,Tablet,30,39554,130528.2,3.3,0.11,,"Aurobindo Unit VII, IN",Yes,3823,11051.22,expensive,134.18
78346,Vietnam,PMO - US,Direct Drop,EXW,Air,0,No,ARV,Adult,MYLAN LABORATORIES LTD (FORMERLY MATRIX LABORATORIES),"Efavirenz 600mg, tablets, 30 Tabs",Efavirenz,Generic,600mg,Tablet,30,48235,207410.5,4.3,0.14,,Mylan (formerly Matrix) Nashik,Yes,3919,11372.45,expensive,447.18
27200,South Africa,PMO - US,Direct Drop,DDP,Air,0,No,ARV,Adult,HETERO LABS LIMITED,"Efavirenz 600mg, tablets, 30 Tabs",Efavirenz,Generic,600mg,Tablet,30,92500,435675,4.71,0.16,,Hetero Unit III Hyderabad IN,Yes,8025,9706.85,expensive,718.86
46156,Tanzania,PMO - US,Direct Drop,EXW,Air,0,No,HRDT,HIV test,"Orgenics, Ltd","HIV 1/2, Determine Complete HIV Kit, 100 Tests","HIV 1/2, Determine Complete HIV Kit",Determine,N/A,Test kit,100,2926,234080,80,0.8,,"Alere Medical Co., Ltd.",Yes,1394,24596.33,expensive,328.18
77038,Swaziland,PMO - US,Direct Drop,EXW,Air,0,No,HRDT,HIV test,"Trinity Biotech, Plc","HIV 1/2, Uni-Gold HIV Kit, 20 Tests","HIV 1/2, Uni-Gold HIV Kit",Uni-Gold,N/A,Test kit,20,1270,40640,32,1.6,,"Trinity Biotech, Plc",Yes,429,4726.15,reasonable,67.06
16784,Vietnam,PMO - US,Direct Drop,EXW,Air,0,No,ARV,Adult,HETERO LABS LIMITED,"Tenofovir Disoproxil Fumarate 300mg, tablets, 30 Tabs",Tenofovir Disoproxil Fumarate,Generic,300mg,Tablet,30,34640,122972,3.55,0.12,,Hetero Unit III Hyderabad IN,Yes,2804,9759.55,expensive,152.12
9489,Vietnam,PMO - US,Direct Drop,EXW,Air,1,Yes,ARV,Adult,SUN PHARMACEUTICAL INDUSTRIES LTD (RANBAXY LABORATORIES LIMITED),"Zidovudine 300mg, tablets, 60 Tabs",Zidovudine,Generic,300mg,Tablet,60,600,5028,8.38,0.14,,"Ranbaxy, Paonta Shahib, India",Yes,34,2127.22,reasonable,8.04
75980,Kenya,PMO - US,Direct Drop,EXW,Air,0,No,HRDT,HIV test,"Orgenics, Ltd","HIV 1/2, Determine Complete HIV Kit, 100 Tests","HIV 1/2, Determine Complete HIV Kit",Determine,N/A,Test kit,100,8500,680000,80,0.8,,Inverness Japan,Yes,1462,14419.86,expensive,1466.08
76071,Mozambique,PMO - US,Direct Drop,EXW,Air,0,No,HRDT,HIV test,"Orgenics, Ltd","HIV 1/2, Determine Complete HIV Kit, 100 Tests","HIV 1/2, Determine Complete HIV Kit",Determine,N/A,Test kit,100,3300,237600,72,0.72,,Inverness Japan,Yes,1593,29373.14,expensive,465.7
75733,South Sudan,PMO - US,Direct Drop,EXW,Air,0,No,ARV,Pediatric,CIPLA LIMITED,"Lamivudine/Zidovudine 30/60mg, dispersible tablets, 60 Tabs",Lamivudine/Zidovudine,Generic,30/60mg,Chewable/dispersible tablet - FDC,60,635,1206.5,1.9,0.03,,"Cipla, Goa, India",Yes,59,1944.99,reasonable,1.24
33872,Vietnam,PMO - US,Direct Drop,EXW,Air,0,No,ARV,Adult,HETERO LABS LIMITED,"Efavirenz/Lamivudine/Tenofovir Disoproxil Fumarate 600/300/300mg, tablets, 30 Tabs",Efavirenz/Lamivudine/Tenofovir Disoproxil Fumarate,Generic,600/300/300mg,Tablet - FDC,30,22752,238896,10.5,0.35,,Hetero Unit III Hyderabad IN,Yes,3195,5583.11,expensive,245.59
43140,Tanzania,PMO - US,Direct Drop,EXW,Air,0,No,ARV,Adult,HETERO LABS LIMITED,"Nevirapine 200mg, tablets, 60 Tabs",Nevirapine,Generic,200mg,Tablet,60,96200,209716,2.18,0.04,,Hetero Unit III Hyderabad IN,Yes,6320,33343.63,expensive,215.59
5987,Cote d'Ivoire,PMO - US,Direct Drop,EXW,Air,0,No,HRDT,HIV test,"Orgenics, Ltd","HIV 1/2, Determine HIV Kit, without Lancets, 100 Tests","HIV 1/2, Determine HIV Kit, without Lancets",Determine,N/A,Test kit,100,1174,82180,70,0.7,,Inverness Japan,Yes,275,4015,reasonable,131.49
24324,South Africa,PMO - US,Direct Drop,DDP,Air,0,No,ARV,Adult,STRIDES ARCOLAB LIMITED,"Lamivudine 150mg, tablets, 60 Tabs",Lamivudine,Generic,150mg,Tablet,60,303125,779031.25,2.57,0.04,,"Strides, Bangalore, India.",Yes,15006,20134.62,expensive,1679.59
44737,Vietnam,PMO - US,Direct Drop,EXW,Air,0,No,ARV,Adult,MYLAN LABORATORIES LTD (FORMERLY MATRIX LABORATORIES),"Tenofovir Disoproxil Fumarate 300mg, tablets, 30 Tabs",Tenofovir Disoproxil Fumarate,Generic,300mg,Tablet,30,20142,99702.9,4.95,0.16,,Mylan (formerly Matrix) Nashik,Yes,6142,13850.65,expensive,139.78
81651,Cote d'Ivoire,PMO - US,Direct Drop,EXW,Air,0,No,HRDT,HIV test,"CHEMBIO DIAGNOSTIC SYSTEMS, INC.","HIV 1/2, Stat-Pak HIV, Kit, 20 Tests","HIV 1/2, Stat-Pak HIV, Kit",Stat-Pak,N/A,Test kit,20,600,18600,31,1.55,,Chembio Diagnostics Sys. Inc.,Yes,172,,,19.12
37979,Zimbabwe,PMO - US,Direct Drop,FCA,Air,0,No,ARV,Pediatric,ABBVIE LOGISTICS (FORMERLY ABBOTT LOGISTICS BV),"Lopinavir/Ritonavir 80/20mg/ml [Kaletra], oral solution, cool, Bottle 5 x 60 ml",Lopinavir/Ritonavir,Kaletra,80/20mg/ml,Oral solution,300,1500,46230,30.82,0.1,,ABBVIE (Abbott) Logis. UK,Yes,1374,15593.13,expensive,64.81
45848,"Congo, DRC",PMO - US,Direct Drop,FCA,Air,0,No,ARV,Pediatric,ABBVIE LOGISTICS (FORMERLY ABBOTT LOGISTICS BV),"Lopinavir/Ritonavir 80/20mg/ml [Kaletra], oral solution, cool, Bottle 5 x 60 ml",Lopinavir/Ritonavir,Kaletra,80/20mg/ml,Oral solution,300,20,616.4,30.82,0.1,,ABBVIE (Abbott) Logis. UK,Yes,52,1573.41,reasonable,0.76
36431,South Africa,PMO - US,Direct Drop,DDP,Ocean,1,Yes,ARV,Adult,CIPLA LIMITED,"Nevirapine 200mg, tablets, 60 Tabs",Nevirapine,Generic,200mg,Tablet,60,35364,96190.08,2.72,0.05,,"Cipla, Goa, India",Yes,3793,8527.45,expensive,158.71
68779,Vietnam,PMO - US,Direct Drop,EXW,Air,0,No,ARV,Adult,Aurobindo Pharma Limited,"Lamivudine/Zidovudine 150/300mg, tablets, 60 Tabs",Lamivudine/Zidovudine,Generic,150/300mg,Tablet - FDC,60,11004,94084.2,8.55,0.14,,"Aurobindo Unit III, India",Yes,1073,9535.67,expensive,202.85
3989,Haiti,PMO - US,Direct Drop,EXW,Air,0,No,HRDT,HIV test,"Trinity Biotech, Plc","HIV 1/2, Capillus HIV Kit, 100 Tests","HIV 1/2, Capillus HIV Kit",Capillus,N/A,Test kit,100,125,17375,139,1.39,,"Trinity Biotech, Plc",Yes,78,4702.79,reasonable,
68515,Cote d'Ivoire,PMO - US,Direct Drop,EXW,Air,0,No,HRDT,HIV test,"Standard Diagnostics, Inc.","HIV 1/2, Bioline 3.0 Kit, Lancets, Capillary pipets, Alcohol swabs included, 25 Tests","HIV 1/2, Bioline 3.0 Kit, Lancets, Capillary pipets, Alcohol swabs included",Bioline,N/A,Test kit,25,1354,27080,20,0.8,,"Standard Diagnostics, Korea",Yes,422,5054.68,expensive,44.68
1262,Haiti,PMO - US,Direct Drop,EXW,Air,0,No,HRDT,HIV test,Orasure Technologies Inc.,"HIV 1/2, OraQuick Advance HIV Rapid Antibody Kit, 100 Tests","HIV 1/2, OraQuick Advance HIV Rapid Antibody Kit",OraQuick,N/A,Test kit,100,15,6000,400,4,,"Pacific Biotech, Thailand",Yes,36,1195.29,reasonable,
45608,Kenya,PMO - US,Direct Drop,EXW,Air,0,No,HRDT,HIV test,"Trinity Biotech, Plc","HIV 1/2, Uni-Gold HIV Kit, 20 Tests","HIV 1/2, Uni-Gold HIV Kit",Uni-Gold,N/A,Test kit,20,500,16000,32,1.6,,"Trinity Biotech, Plc",Yes,170,2865.63,reasonable,31.36
70508,South Africa,PMO - US,Direct Drop,DDP,Ocean,0,No,ARV,Adult,Aurobindo Pharma Limited,"Tenofovir Disoproxil Fumarate 300mg, tablets, 30 Tabs",Tenofovir Disoproxil Fumarate,Generic,300mg,Tablet,30,80381,555432.71,6.91,0.23,,"Aurobindo Unit III, India",Yes,7503,6147.08,expensive,1197.51
1347,Nigeria,PMO - US,Direct Drop,EXW,Air,0,No,HRDT,HIV test,Abbott GmbH & Co. KG,"HIV 1/2, Determine Complete HIV Kit, 100 Tests","HIV 1/2, Determine Complete HIV Kit",Determine,N/A,Test kit,100,3500,280000,80,0.8,,ABBVIE GmbH & Co.KG Wiesbaden,Yes,1194,5858.57,expensive,448
14286,Cote d'Ivoire,PMO - US,Direct Drop,EXW,Air,0,No,HRDT,HIV test,"CHEMBIO DIAGNOSTIC SYSTEMS, INC.","HIV 1/2, Stat-Pak HIV, Kit, 20 Tests","HIV 1/2, Stat-Pak HIV, Kit",Stat-Pak,N/A,Test kit,20,1900,55100,29,1.45,,Chembio Diagnostics Sys. Inc.,Yes,550,8263.16,expensive,68.16
31712,Vietnam,PMO - US,Direct Drop,EXW,Air,0,No,ARV,Pediatric,MICRO LABS LIMITED,"Efavirenz 50mg, capsule, 30 Caps",Efavirenz,Generic,50mg,Capsule,30,1760,3555.2,2.02,0.07,,"Micro labs, Verna, Goa, India",Yes,126,798.95,reasonable,4.98
79618,Cote d'Ivoire,PMO - US,Direct Drop,EXW,Air,0,No,HRDT,HIV test,"Orgenics, Ltd","HIV 1/2, Determine Complete HIV Kit, 100 Tests","HIV 1/2, Determine Complete HIV Kit",Determine,N/A,Test kit,100,2943,235440,80,0.8,,"Alere Medical Co., Ltd.",Yes,1280,23270.25,expensive,291.24
32540,Guyana,PMO - US,Direct Drop,EXW,Air,0,No,HRDT,HIV test,"Orgenics, Ltd","HIV 1/2, Determine Complete HIV Kit, 100 Tests","HIV 1/2, Determine Complete HIV Kit",Determine,N/A,Test kit,100,418,41800,100,1,,Inverness Japan,Yes,205,6455.37,expensive,68.97
33450,Zimbabwe,PMO - US,Direct Drop,EXW,Air,0,No,HRDT,HIV test,"Orgenics, Ltd","HIV 1/2, Determine Complete HIV Kit, 100 Tests","HIV 1/2, Determine Complete HIV Kit",Determine,N/A,Test kit,100,1967,157360,80,0.8,,Inverness Japan,Yes,1004,18612.64,expensive,259.64
21217,Tanzania,PMO - US,Direct Drop,EXW,Air,0,No,ARV,Pediatric,MYLAN LABORATORIES LTD (FORMERLY MATRIX LABORATORIES),"Lamivudine/Nevirapine/Zidovudine 30/50/60mg, dispersible tablets, 60 Tabs",Lamivudine/Nevirapine/Zidovudine,Generic,30/50/60mg,Chewable/dispersible tablet - FDC,60,36000,129600,3.6,0.06,,Mylan (formerly Matrix) Nashik,Yes,2205,9815.52,expensive,133.23
9531,Haiti,PMO - US,Direct Drop,EXW,Air,0,No,HRDT,HIV test,"Orgenics, Ltd","HIV 1/2, Determine HIV Kit, without Lancets, 100 Tests","HIV 1/2, Determine HIV Kit, without Lancets",Determine,N/A,Test kit,100,1000,70000,70,0.7,,Inverness Japan,Yes,228,4829.61,reasonable,112
16556,Rwanda,PMO - US,Direct Drop,EXW,Air,0,No,ARV,Adult,CIPLA LIMITED,"Lopinavir/Ritonavir 200/50mg, tablets, 120 Tabs",Lopinavir/Ritonavir,Generic,200/50mg,Tablet,120,2074,74746.96,36.04,0.3,,Cipla Ltd A-42 MIDC Mahar. IN,Yes,627,6072.8,expensive,104.8
39223,Kenya,PMO - US,Direct Drop,EXW,Air,1,Yes,HRDT,HIV test,"Orgenics, Ltd","HIV 1/2, Determine Complete HIV Kit, 100 Tests","HIV 1/2, Determine Complete HIV Kit",Determine,N/A,Test kit,100,4440,395160,89,0.89,,"Alere Medical Co., Ltd.",Yes,1445,10719.64,expensive,554.01
6084,Mozambique,PMO - US,Direct Drop,EXW,Air,0,No,HRDT,HIV test,"Trinity Biotech, Plc","HIV 1/2, Uni-Gold HIV Kit, 20 Tests","HIV 1/2, Uni-Gold HIV Kit",Uni-Gold,N/A,Test kit,20,4916,157312,32,1.6,,"Trinity Biotech, Plc",Yes,1651,23300.18,expensive,308.33
1140,Nigeria,PMO - US,Direct Drop,EXW,Air,0,No,HRDT,HIV test,"Orgenics, Ltd","HIV 1/2, Determine Complete HIV Kit, 100 Tests","HIV 1/2, Determine Complete HIV Kit",Determine,N/A,Test kit,100,6395,511600,80,0.8,,Inverness Japan,Yes,1915,24514.33,expensive,1002.74
22600,South Sudan,PMO - US,Direct Drop,EXW,Air,0,No,HRDT,HIV test,"Orgenics, Ltd","HIV 1/2, Determine Complete HIV Kit, 100 Tests","HIV 1/2, Determine Complete HIV Kit",Determine,N/A,Test kit,100,250,22250,89,0.89,,"Alere Medical Co., Ltd.",Yes,115,2561.61,reasonable,27.52
1647,Guyana,PMO - US,Direct Drop,EXW,Air,0,No,HRDT,HIV test,"Orgenics, Ltd","HIV 1/2, Determine HIV Kit, without Lancets, 100 Tests","HIV 1/2, Determine HIV Kit, without Lancets",Determine,N/A,Test kit,100,213,15333.87,71.99,0.72,,Inverness Japan,Yes,49,959.46,reasonable,24.53
78715,South Africa,PMO - US,Direct Drop,DDP,Ocean,0,No,ARV,Adult,STRIDES ARCOLAB LIMITED,"Lamivudine 150mg, tablets, 60 Tabs",Lamivudine,Generic,150mg,Tablet,60,515000,1251450,2.43,0.04,,"Strides, Bangalore, India.",Yes,23655,37401.43,expensive,2064.89
61563,Vietnam,PMO - US,Direct Drop,FCA,Air,0,No,ARV,Adult,ABBVIE LOGISTICS (FORMERLY ABBOTT LOGISTICS BV),"Ritonavir 100mg [Norvir], capsules, cool, 4 x 84 Caps",Ritonavir,Norvir,100mg,Capsule,336,56,17185.28,306.88,0.91,,ABBVIE (Abbott) Logis. UK,Yes,168,4092.21,reasonable,37.05
40901,South Africa,PMO - US,Direct Drop,DDP,Ocean,1,Yes,ARV,Adult,Aurobindo Pharma Limited,"Tenofovir Disoproxil Fumarate 300mg, tablets, 30 Tabs",Tenofovir Disoproxil Fumarate,Generic,300mg,Tablet,30,108677,722702.05,6.65,0.22,,"Aurobindo Unit III, India",Yes,10144,8809.08,expensive,1192.46
4368,Vietnam,PMO - US,Direct Drop,EXW,Air,0,No,ARV,Adult,CIPLA LIMITED,"Lamivudine/Nevirapine/Stavudine 150/200/30mg, tablets, 60 Tabs",Lamivudine/Nevirapine/Stavudine,Generic,150/200/30mg,Tablet - FDC,60,10420,77108,7.4,0.12,,"Cipla, Goa, India",Yes,1000,7526.06,expensive,123.37
8951,Rwanda,PMO - US,Direct Drop,EXW,Air,0,No,HRDT,HIV test,"Trinity Biotech, Plc","HIV 1/2, Uni-Gold HIV Kit, 20 Tests","HIV 1/2, Uni-Gold HIV Kit",Uni-Gold,N/A,Test kit,20,1163,37216,32,1.6,,"Trinity Biotech, Plc",Yes,385,6269.97,expensive,72.94
46844,Cote d'Ivoire,PMO - US,Direct Drop,EXW,Air,0,No,HRDT,HIV test,"CHEMBIO DIAGNOSTIC SYSTEMS, INC.","HIV 1/2, Stat-Pak HIV, Kit, 20 Tests","HIV 1/2, Stat-Pak HIV, Kit",Stat-Pak,N/A,Test kit,20,3049,82323,27,1.35,,Chembio Diagnostics Sys. Inc.,Yes,904,7208,expensive,177.49
78403,Haiti,PMO - US,Direct Drop,CIP,Air,0,No,ARV,Pediatric,MERCK SHARP & DOHME IDEA GMBH (FORMALLY MERCK SHARP & DOHME B.V.),"Efavirenz 30mg/ml [Stocrin/Sustiva], oral solution, Bottle, 180 ml",Efavirenz,Stocrin/Sustiva,30mg/ml,Oral solution,180,255,4324.8,16.96,0.09,,"MSD, Haarlem, NL",Yes,72,290,reasonable,7.14
52636,Haiti,PMO - US,Direct Drop,EXW,Ocean,0,No,ARV,Pediatric,Aurobindo Pharma Limited,"Nevirapine 10mg/ml, oral suspension w/syringe, Bottle, 240 ml",Nevirapine,Generic,10mg/ml,Oral suspension,240,2040,3080.4,1.51,0.01,,"Aurobindo Unit III, India",Yes,820,2214.69,reasonable,3.81
49435,Ghana,PMO - US,Direct Drop,EXW,Air,0,No,ARV,Pediatric,Aurobindo Pharma Limited,"Efavirenz 50mg, capsule, 30 Caps",Efavirenz,Generic,50mg,Capsule,30,33000,51480,1.56,0.05,,"Aurobindo Unit III, India",Yes,2343,20464.55,expensive,52.92
22186,Vietnam,PMO - US,Direct Drop,EXW,Air,0,No,ARV,Adult,Aurobindo Pharma Limited,"Lamivudine/Zidovudine 150/300mg, tablets, 60 Tabs",Lamivudine/Zidovudine,Generic,150/300mg,Tablet - FDC,60,1008,8678.88,8.61,0.14,,"Aurobindo Unit III, India",Yes,1015,3796.95,reasonable,17.01
77901,Nigeria,PMO - US,Direct Drop,EXW,Air,1,Yes,HRDT,HIV test,"Orgenics, Ltd","HIV 1/2, Determine Complete HIV Kit, 100 Tests","HIV 1/2, Determine Complete HIV Kit",Determine,N/A,Test kit,100,2744,244216,89,0.89,,"Alere Medical Co., Ltd.",Yes,1235,88176.17,expensive,342.39
55474,Cote d'Ivoire,PMO - US,Direct Drop,CIP,Air,0,No,ARV,Adult,MERCK SHARP & DOHME IDEA GMBH (FORMALLY MERCK SHARP & DOHME B.V.),"Efavirenz/Emtricitabine/Tenofovir Disoproxil Fumarate 600/200/300mg [Atripla], tablets, 30 Tabs",Efavirenz/Emtricitabine/Tenofovir Disoproxil Fumarate,Atripla,600/200/300mg,Tablet - FDC,30,5320,268128,50.4,1.68,,"MSD, Haarlem, NL",Yes,464,30,reasonable,525.53
15726,Rwanda,PMO - US,Direct Drop,EXW,Air,0,No,ARV,Adult,MYLAN LABORATORIES LTD (FORMERLY MATRIX LABORATORIES),"Abacavir 300mg, tablets, 60 Tabs",Abacavir,Generic,300mg,Tablet,60,46530,581159.7,12.49,0.21,,Mylan (formerly Matrix) Nashik,Yes,4810,27894.81,expensive,814.79
21092,South Africa,PMO - US,Direct Drop,DDP,Air,1,Yes,ARV,Adult,Aurobindo Pharma Limited,"Efavirenz 600mg, tablets, 30 Tabs",Efavirenz,Generic,600mg,Tablet,30,34560,161395.2,4.67,0.16,,"Aurobindo Unit III, India",Yes,3240,4263.07,reasonable,347.97
59151,South Africa,PMO - US,Direct Drop,DDP,Ocean,0,No,ARV,Adult,STRIDES ARCOLAB LIMITED,"Lamivudine 150mg, tablets, 60 Tabs",Lamivudine,Generic,150mg,Tablet,60,131138,323910.86,2.47,0.04,,"Strides, Bangalore, India.",Yes,6360,12225.76,expensive,698.35
60690,Haiti,PMO - US,Direct Drop,EXW,Air,0,No,ARV,Pediatric,Aurobindo Pharma Limited,"Nevirapine 50mg, dispersible tablets (tablets for oral suspension), 30 Tabs",Nevirapine,Generic,50mg,Chewable/dispersible tablet,30,6100,7625,1.25,0.04,,"Aurobindo Unit III, India",Yes,353,4236.81,reasonable,7.84
79521,South Africa,PMO - US,Direct Drop,DDP,Ocean,0,No,ARV,Adult,STRIDES ARCOLAB LIMITED,"Lamivudine 150mg, tablets, 60 Tabs",Lamivudine,Generic,150mg,Tablet,60,440000,1069200,2.43,0.04,,"Strides, Bangalore, India.",Yes,19564,33865.26,expensive,1764.18
69086,Zimbabwe,PMO - US,Direct Drop,EXW,Air Charter,0,No,ARV,Adult,HETERO LABS LIMITED,"Lamivudine/Tenofovir Disoproxil Fumarate 300/300mg, tablets, 30 Tabs",Lamivudine/Tenofovir Disoproxil Fumarate,Generic,300/300mg,Tablet - FDC,30,16013,73980.06,4.62,0.15,,Hetero Unit III Hyderabad IN,Yes,1468,12091.91,expensive,76.05
19246,Tanzania,PMO - US,Direct Drop,EXW,Air,0,No,ARV,Adult,MYLAN LABORATORIES LTD (FORMERLY MATRIX LABORATORIES),"Atazanavir/Ritonavir 300/100mg, tablets, 30 Tabs",Atazanavir/Ritonavir,Generic,300/100mg,Tablet,30,5175,116437.5,22.5,0.75,,Mylan (formerly Matrix) Nashik,Yes,775,4136.58,reasonable,144.03
9145,Namibia,PMO - US,Direct Drop,EXW,Air,0,No,HRDT,HIV test,"Trinity Biotech, Plc","HIV 1/2, Uni-Gold HIV Kit, 20 Tests","HIV 1/2, Uni-Gold HIV Kit",Uni-Gold,N/A,Test kit,20,600,19200,32,1.6,,"Trinity Biotech, Plc",Yes,205,6148.29,expensive,37.63
56416,Uganda,PMO - US,Direct Drop,EXW,Air,0,No,ARV,Adult,Aurobindo Pharma Limited,"Efavirenz 600mg, tablets, 30 Tabs",Efavirenz,Generic,600mg,Tablet,30,20617,70097.8,3.4,0.11,,"Aurobindo Unit III, India",Yes,1770,7651.56,expensive,98.28
49387,South Sudan,PMO - US,Direct Drop,EXW,Air,0,No,HRDT,HIV test,"Trinity Biotech, Plc","HIV 1/2, Uni-Gold HIV Kit, 20 Tests","HIV 1/2, Uni-Gold HIV Kit",Uni-Gold,N/A,Test kit,20,749,23968,32,1.6,,"Trinity Biotech, Plc",Yes,262,4669.02,reasonable,33.6
35700,South Africa,PMO - US,Direct Drop,DDP,Air,0,No,ARV,Adult,CIPLA LIMITED,"Tenofovir Disoproxil Fumarate 300mg, tablets, 30 Tabs",Tenofovir Disoproxil Fumarate,Generic,300mg,Tablet,30,1110,8680.2,7.82,0.26,,"Cipla, Goa, India",Yes,76,916.22,reasonable,18.71
47837,Rwanda,PMO - US,Direct Drop,CIP,Air,0,No,ARV,Adult,HETERO LABS LIMITED,"Nevirapine 200mg, tablets, 60 Tabs",Nevirapine,Generic,200mg,Tablet,60,9300,28737,3.09,0.05,,Hetero Unit III Hyderabad IN,Yes,550,3054.13,reasonable,56.32
9089,Haiti,PMO - US,Direct Drop,EXW,Air,0,No,HRDT,HIV test,"Trinity Biotech, Plc","HIV 1/2, Capillus HIV Kit, 100 Tests","HIV 1/2, Capillus HIV Kit",Capillus,N/A,Test kit,100,150,20850,139,1.39,,"Trinity Biotech, Plc",Yes,113,2486.15,reasonable,40.87
13700,Mozambique,PMO - US,Direct Drop,EXW,Air,0,No,ARV,Adult,HETERO LABS LIMITED,"Lamivudine/Nevirapine/Zidovudine 150/200/300mg, tablets, 60 Tabs",Lamivudine/Nevirapine/Zidovudine,Generic,150/300/200mg,Tablet - FDC,60,35136,284952.96,8.11,0.14,,Hetero Unit III Hyderabad IN,Yes,4784,19286.53,expensive,292.93
27765,Uganda,PMO - US,Direct Drop,EXW,Air,0,No,ARV,Adult,STRIDES ARCOLAB LIMITED,"Efavirenz 600mg, tablets, 30 Tabs",Efavirenz,Generic,600mg,Tablet,30,61150,195068.5,3.19,0.11,,"Strides, Bangalore, India.",Yes,3858,20553.85,expensive,200.53
76809,Nigeria,PMO - US,Direct Drop,EXW,Air,0,No,HRDT,HIV test,"Orgenics, Ltd","HIV 1/2, Determine Complete HIV Kit, 100 Tests","HIV 1/2, Determine Complete HIV Kit",Determine,N/A,Test kit,100,2890,257210,89,0.89,,"Alere Medical Co., Ltd.",Yes,1377,32575.03,expensive,424.4
39025,Cote d'Ivoire,PMO - US,Direct Drop,CIP,Air,0,No,ARV,Adult,MERCK SHARP & DOHME IDEA GMBH (FORMALLY MERCK SHARP & DOHME B.V.),"Indinavir 400mg [Crixivan], capsules, 180 Caps",Indinavir,Crixivan,400mg,Capsule,180,1015,50750,50,0.28,,"MSD, Haarlem, NL",Yes,257,1167.97,reasonable,109.42
54666,Uganda,PMO - US,Direct Drop,CIP,Air,0,No,ARV,Adult,MYLAN LABORATORIES LTD (FORMERLY MATRIX LABORATORIES),"Abacavir/Lamivudine 600/300mg, tablets, 30 Tabs",Abacavir/Lamivudine,Generic,600/300mg,Tablet - FDC,30,8215,110820.35,13.49,0.45,,Mylan (formerly Matrix) Nashik,Yes,805,1003.18,reasonable,137.08
76189,South Africa,PMO - US,Direct Drop,DDP,Air,0,No,ARV,Adult,Aurobindo Pharma Limited,"Zidovudine 300mg, tablets, 60 Tabs",Zidovudine,Generic,300mg,Tablet,60,75048,557606.64,7.43,0.12,,"Aurobindo Unit III, India",Yes,4023,3315.23,reasonable,1202.2
24865,South Africa,PMO - US,Direct Drop,DDP,Air,0,No,ARV,Adult,Aurobindo Pharma Limited,"Zidovudine 300mg, tablets, 60 Tabs",Zidovudine,Generic,300mg,Tablet,60,60234,447538.62,7.43,0.12,,"Aurobindo Unit III, India",Yes,3221,3296.57,reasonable,964.89
48994,Vietnam,PMO - US,Direct Drop,EXW,Air,0,No,ARV,Adult,MYLAN LABORATORIES LTD (FORMERLY MATRIX LABORATORIES),"Lamivudine/Nevirapine/Zidovudine 150/200/300mg, tablets, 60 Tabs",Lamivudine/Nevirapine/Zidovudine,Generic,150/300/200mg,Tablet - FDC,60,20000,162000,8.1,0.13,,Mylan (formerly Matrix) Nashik,Yes,4168,6717.79,expensive,166.54
35250,Vietnam,PMO - US,Direct Drop,FCA,Air,0,No,ARV,Adult,ABBVIE LOGISTICS (FORMERLY ABBOTT LOGISTICS BV),"Ritonavir 100mg [Norvir], film coated tablets, 30 Tabs",Ritonavir,Norvir,100mg,Tablet,30,300,6978,23.26,0.78,,ABBVIE Ludwigshafen Germany,Yes,38,1779.09,reasonable,7.17
39661,Rwanda,PMO - US,Direct Drop,EXW,Ocean,0,No,ARV,Adult,Aurobindo Pharma Limited,"Lamivudine/Tenofovir Disoproxil Fumarate 300/300mg, tablets, 30 Tabs",Lamivudine/Tenofovir Disoproxil Fumarate,Generic,300/300mg,Tablet - FDC,30,104000,483600,4.65,0.16,,"Aurobindo Unit VII, IN",Yes,9684,7898.15,expensive,497.14
14043,Vietnam,PMO - US,Direct Drop,EXW,Air,0,No,ARV,Adult,Aurobindo Pharma Limited,"Tenofovir Disoproxil Fumarate 300mg, tablets, 30 Tabs",Tenofovir Disoproxil Fumarate,Generic,300mg,Tablet,30,3528,27342,7.75,0.26,,"Aurobindo Unit III, India",Yes,395,3538.57,reasonable,58.95
69754,Zambia,PMO - US,Direct Drop,EXW,Air,0,No,HRDT,HIV test,"Orgenics, Ltd","HIV 1/2, Determine Complete HIV Kit, 100 Tests","HIV 1/2, Determine Complete HIV Kit",Determine,N/A,Test kit,100,2100,151200,72,0.72,,Inverness Japan,Yes,1016,16061.5,expensive,325.99
17900,Namibia,PMO - US,Direct Drop,EXW,Air,0,No,ARV,Adult,HETERO LABS LIMITED,"Lamivudine/Zidovudine 150/300mg, tablets, 60 Tabs",Lamivudine/Zidovudine,Generic,150/300mg,Tablet - FDC,60,26663,176242.43,6.61,0.11,,"Hetero, Jadcherla, unit 5, IN",Yes,4233,26663.64,expensive,181.18
73314,Mozambique,PMO - US,Direct Drop,EXW,Air,0,No,HRDT,HIV test,"Orgenics, Ltd","HIV 1/2, Determine Complete HIV Kit, 100 Tests","HIV 1/2, Determine Complete HIV Kit",Determine,N/A,Test kit,100,2891,231280,80,0.8,,"Alere Medical Co., Ltd.",Yes,1378,25607.44,expensive,381.61
69875,South Africa,PMO - US,Direct Drop,DDP,Air,1,Yes,ARV,Adult,CIPLA LIMITED,"Tenofovir Disoproxil Fumarate 300mg, tablets, 30 Tabs",Tenofovir Disoproxil Fumarate,Generic,300mg,Tablet,30,51828,405294.96,7.82,0.26,,"Cipla, Goa, India",Yes,3543,3646.13,reasonable,873.82
7091,Botswana,PMO - US,Direct Drop,EXW,Air,0,No,HRDT,HIV test,"Trinity Biotech, Plc","HIV 1/2, Uni-Gold HIV Kit, 20 Tests","HIV 1/2, Uni-Gold HIV Kit",Uni-Gold,N/A,Test kit,20,500,16000,32,1.6,,"Trinity Biotech, Plc",Yes,500,2442.32,reasonable,25.6
13487,Haiti,PMO - US,Direct Drop,EXW,Ocean,0,No,ARV,Adult,MYLAN LABORATORIES LTD (FORMERLY MATRIX LABORATORIES),"Efavirenz/Lamivudine/Tenofovir Disoproxil Fumarate 600/300/300mg, tablets, 30 Tabs",Efavirenz/Lamivudine/Tenofovir Disoproxil Fumarate,Generic,600/300/300mg,Tablet - FDC,30,25000,256000,10.24,0.34,,Mylan (formerly Matrix) Nashik,Yes,3034,7658.27,expensive,263.17
50261,Zimbabwe,PMO - US,Direct Drop,EXW,Air Charter,0,No,ARV,Adult,Aurobindo Pharma Limited,"Lamivudine/Tenofovir Disoproxil Fumarate 300/300mg, tablets, 30 Tabs",Lamivudine/Tenofovir Disoproxil Fumarate,Generic,300/300mg,Tablet - FDC,30,18000,83700,4.65,0.16,,"Aurobindo Unit VII, IN",Yes,1764,13959.22,expensive,86.04
43526,Uganda,PMO - US,Direct Drop,EXW,Air,0,No,HRDT,HIV test,"Orgenics, Ltd","HIV 1/2, Determine Complete HIV Kit, 100 Tests","HIV 1/2, Determine Complete HIV Kit",Determine,N/A,Test kit,100,4000,320000,80,0.8,,"Alere Medical Co., Ltd.",Yes,1624,14692.8,expensive,328.96
10298,Cote d'Ivoire,PMO - US,Direct Drop,EXW,Air,0,No,HRDT,HIV test,"Orgenics, Ltd","HIV 1/2, Determine HIV Kit, without Lancets, 100 Tests","HIV 1/2, Determine HIV Kit, without Lancets",Determine,N/A,Test kit,100,1500,105000,70,0.7,,Inverness Japan,Yes,341,9749.73,expensive,205.8
81920,Haiti,PMO - US,Direct Drop,EXW,Air,0,No,ARV,Pediatric,Aurobindo Pharma Limited,"Lamivudine 10mg/ml, oral solution w/syringe, Bottle, 240 ml",Lamivudine,Generic,10mg/ml,Oral solution,240,3528,6526.8,1.85,0.01,,"Aurobindo Unit III, India",Yes,1296,9230.19,expensive,9.15
61959,Uganda,PMO - US,Direct Drop,EXW,Air,0,No,ARV,Adult,STRIDES ARCOLAB LIMITED,"Efavirenz 600mg, tablets, 30 Tabs",Efavirenz,Generic,600mg,Tablet,30,111348,355200.12,3.19,0.11,,"Strides, Bangalore, India.",Yes,6953,30711.92,expensive,439.38
30223,Rwanda,PMO - US,Direct Drop,EXW,Air,0,No,ARV,Adult,Aurobindo Pharma Limited,"Nevirapine 200mg, tablets, 60 Tabs",Nevirapine,Generic,200mg,Tablet,60,26441,59492.25,2.25,0.04,,"Aurobindo Unit III, India",Yes,2520,25593.87,expensive,83.41
71382,Nigeria,PMO - US,Direct Drop,EXW,Air,1,Yes,HRDT,HIV test,"Orgenics, Ltd","HIV 1/2, Determine Complete HIV Kit, 100 Tests","HIV 1/2, Determine Complete HIV Kit",Determine,N/A,Test kit,100,2744,244216,89,0.89,,"Alere Medical Co., Ltd.",Yes,1303,29251.24,expensive,342.39
62173,Tanzania,PMO - US,Direct Drop,EXW,Air,0,No,HRDT,HIV test,"Orgenics, Ltd","HIV 1/2, Determine Complete HIV Kit, 100 Tests","HIV 1/2, Determine Complete HIV Kit",Determine,N/A,Test kit,100,1500,120000,80,0.8,,"Alere Medical Co., Ltd.",Yes,7500,19196.73,expensive,198
24374,Rwanda,PMO - US,Direct Drop,CIP,Air,0,No,ARV,Adult,Aurobindo Pharma Limited,"Tenofovir Disoproxil Fumarate 300mg, tablets, 30 Tabs",Tenofovir Disoproxil Fumarate,Generic,300mg,Tablet,30,5520,47251.2,8.56,0.29,,"Aurobindo Unit III, India",Yes,516,2355.52,reasonable,92.61
5532,Rwanda,PMO - US,Direct Drop,EXW,Air,0,No,HRDT,HIV test,"Orgenics, Ltd","HIV 1/2, Determine HIV Kit, without Lancets, 100 Tests","HIV 1/2, Determine HIV Kit, without Lancets",Determine,N/A,Test kit,100,1500,107985,71.99,0.72,,Inverness Japan,Yes,340,9479.89,expensive,172.78
17207,Rwanda,PMO - US,Direct Drop,CIP,Air,0,No,ARV,Adult,HETERO LABS LIMITED,"Nevirapine 200mg, tablets, 60 Tabs",Nevirapine,Generic,200mg,Tablet,60,66825,206489.25,3.09,0.05,,Hetero Unit III Hyderabad IN,Yes,3845,20194.78,expensive,404.72
65005,Rwanda,PMO - US,Direct Drop,FCA,Air,0,No,ARV,Pediatric,ABBVIE LOGISTICS (FORMERLY ABBOTT LOGISTICS BV),"Lopinavir/Ritonavir 100/25mg [Aluvia], tablets, 60 Tabs",Lopinavir/Ritonavir,Generic,100/25mg,Tablet,60,1305,10061.55,7.71,0.13,,ABBVIE Ludwigshafen Germany,Yes,150,2682.48,reasonable,16.6
18708,Zimbabwe,PMO - US,Direct Drop,EXW,Air Charter,0,No,ARV,Adult,Aurobindo Pharma Limited,"Lamivudine/Tenofovir Disoproxil Fumarate 300/300mg, tablets, 30 Tabs",Lamivudine/Tenofovir Disoproxil Fumarate,Generic,300/300mg,Tablet - FDC,30,35955,167190.75,4.65,0.16,,"Aurobindo Unit VII, IN",Yes,3520,23014.35,expensive,171.87
42659,South Africa,PMO - US,Direct Drop,DDP,Ocean,1,Yes,ARV,Adult,Aurobindo Pharma Limited,"Efavirenz 600mg, tablets, 30 Tabs",Efavirenz,Generic,600mg,Tablet,30,35357,150620.82,4.26,0.14,,"Aurobindo Unit III, India",Yes,2806,7292.27,expensive,248.52
4649,Ethiopia,PMO - US,Direct Drop,EXW,Air,0,No,HRDT,HIV test,"SHANGHAI KEHUA BIOENGINEERING CO.,LTD.  (KHB)","HIV 1/2, SKB Colloidal Gold, Diagnostic Kit, Antibody, 50 Tests","HIV 1/2, Colloidal Gold, Diagnostic Kit, Antibody",Colloidal Gold,N/A,Test kit,1,7002,161046,23,23,,"KHB Test Kit Facility, Shanghai China",Yes,5057,44347.71,expensive,257.67
64493,Kenya,PMO - US,Direct Drop,EXW,Air,0,No,HRDT,HIV test,"Orgenics, Ltd","HIV 1/2, Determine Complete HIV Kit, 100 Tests","HIV 1/2, Determine Complete HIV Kit",Determine,N/A,Test kit,100,7243,644627,89,0.89,,Inverness Japan,Yes,1247,13765.81,expensive,1389.82
18997,Guyana,PMO - US,Direct Drop,EXW,Air,0,No,ARV,Pediatric,Aurobindo Pharma Limited,"Zidovudine 100mg, capsules, 100 Caps",Zidovudine,Generic,100mg,Capsule,100,172,791.2,4.6,0.05,,"Aurobindo Unit III, India",Yes,33,882.81,reasonable,0.98
24368,Haiti,PMO - US,Direct Drop,EXW,Air,0,No,ARV,Pediatric,Aurobindo Pharma Limited,"Zidovudine 10mg/ml, oral solution, Bottle, 240 ml",Zidovudine,Generic,10mg/ml,Oral solution,240,5730,10887,1.9,0.01,,"Aurobindo Unit III, India",Yes,2254,12791.34,expensive,11.19
71016,Ghana,PMO - US,Direct Drop,EXW,Air,0,No,ARV,Pediatric,Aurobindo Pharma Limited,"Efavirenz 50mg, capsule, 30 Caps",Efavirenz,Generic,50mg,Capsule,30,38584,60191.04,1.56,0.05,,"Aurobindo Unit III, India",Yes,2773,21807.62,expensive,61.88
23904,Vietnam,PMO - US,Direct Drop,EXW,Air,0,No,ARV,Adult,MYLAN LABORATORIES LTD (FORMERLY MATRIX LABORATORIES),"Zidovudine 300mg, tablets, 60 Tabs",Zidovudine,Generic,300mg,Tablet,60,168,1260,7.5,0.12,,Mylan (formerly Matrix) Nashik,Yes,9,4138.11,reasonable,2.47
10395,Haiti,PMO - US,Direct Drop,EXW,Air,0,No,HRDT,HIV test,Orasure Technologies Inc.,"HIV 1/2, OraQuick Advance HIV Rapid Antibody Kit, 100 Tests","HIV 1/2, OraQuick Advance HIV Rapid Antibody Kit",OraQuick,N/A,Test kit,100,60,21000,350,3.5,,"Pacific Biotech, Thailand",Yes,144,4185.29,reasonable,41.16
17259,Tanzania,PMO - US,Direct Drop,FCA,Air,0,No,ARV,Adult,LAWRENCE LABORATORIES (SUBSIDIARY OF BRISTOL MYERS SQUIBB),"Didanosine EC 250mg [Videx EC], delayed-release capsules, Blister 3 x 10 Caps",Didanosine EC,Videx EC,250mg,Delayed-release capsules - blister,30,2098,38477.32,18.34,0.61,,Bristol-Myers Squibb Anagni IT,Yes,140,1870.73,reasonable,63.49
40209,Cote d'Ivoire,PMO - US,Direct Drop,FCA,Air,0,No,ARV,Adult,ABBVIE LOGISTICS (FORMERLY ABBOTT LOGISTICS BV),"Lopinavir/Ritonavir 200/50mg [Aluvia], tablets, 120 Tabs",Lopinavir/Ritonavir,Aluvia,200/50mg,Tablet,120,16695,562621.5,33.7,0.28,,ABBVIE Ludwigshafen Germany,Yes,4113,30130.82,expensive,928.33
24868,Vietnam,PMO - US,Direct Drop,FCA,Air,0,No,ARV,Adult,ABBVIE LOGISTICS (FORMERLY ABBOTT LOGISTICS BV),"Lopinavir/Ritonavir 200/50mg [Aluvia], tablets, 120 Tabs",Lopinavir/Ritonavir,Aluvia,200/50mg,Tablet,120,4164,253254.48,60.82,0.51,,ABBVIE Ludwigshafen Germany,Yes,992,3212.25,reasonable,313.28
1245,Cote d'Ivoire,PMO - US,Direct Drop,EXW,Air,0,No,HRDT,HIV test,BIO-RAD LABORATORIES (FRANCE),"#108853** HIV, Genie II HIV-1/HIV-2 Kit, 40 Tests","HIV, Genie II HIV-1/HIV-2 Kit",Genie,N/A,Test kit,40,147,11076.45,75.35,1.88,,Bio-Rad Laboratories,Yes,165,1816.57,reasonable,
12935,Vietnam,PMO - US,Direct Drop,EXW,Air,0,No,ARV,Adult,MYLAN LABORATORIES LTD (FORMERLY MATRIX LABORATORIES),"Lamivudine/Zidovudine 150/300mg, tablets, 60 Tabs",Lamivudine/Zidovudine,Generic,150/300mg,Tablet - FDC,60,11092,74871,6.75,0.11,,Mylan (formerly Matrix) Nashik,Yes,957,1869.41,reasonable,92.62
51990,Rwanda,PMO - US,Direct Drop,EXW,Ocean,0,No,ARV,Adult,HETERO LABS LIMITED,"Lamivudine/Tenofovir Disoproxil Fumarate 300/300mg, tablets, 30 Tabs",Lamivudine/Tenofovir Disoproxil Fumarate,Generic,300/300mg,Tablet - FDC,30,82981,776702.16,9.36,0.31,,Hetero Unit III Hyderabad IN,Yes,6683,14760.6,expensive,1674.57
12959,Zambia,PMO - US,Direct Drop,EXW,Air,0,No,HRDT,HIV test,"Orgenics, Ltd","HIV 1/2, Determine Complete HIV Kit, 100 Tests","HIV 1/2, Determine Complete HIV Kit",Determine,N/A,Test kit,100,6280,502400,80,0.8,,"Alere Medical Co., Ltd.",Yes,2548,28709.52,expensive,516.47
59157,Zambia,PMO - US,Direct Drop,EXW,Air,0,No,HRDT,HIV test,"Trinity Biotech, Plc","HIV 1/2, Uni-Gold HIV Kit, 20 Tests","HIV 1/2, Uni-Gold HIV Kit",Uni-Gold,N/A,Test kit,20,2900,92800,32,1.6,,"Trinity Biotech, Plc",Yes,266,8308.74,expensive,114.79
27177,Haiti,PMO - US,Direct Drop,EXW,Air,0,No,HRDT,HIV test,"SHANGHAI KEHUA BIOENGINEERING CO.,LTD.  (KHB)","HIV 1/2, SKB Colloidal Gold, Diagnostic Kit, Antibody, 50 Tests","HIV 1/2, Colloidal Gold, Diagnostic Kit, Antibody",Colloidal Gold,N/A,Test kit,1,505,12372.5,24.5,24.5,,"KHB Test Kit Facility, Shanghai China",Yes,367,3638.86,reasonable,17.35
6431,Cote d'Ivoire,PMO - US,Direct Drop,FCA,Air,0,No,ARV,Pediatric,ABBVIE LOGISTICS (FORMERLY ABBOTT LOGISTICS BV),"Lopinavir/Ritonavir 80/20mg/ml [Kaletra], oral solution, cool, Bottle 5 x 60 ml",Lopinavir/Ritonavir,Kaletra,80/20mg/ml,Oral solution,300,50,2055,41.1,0.14,,ABBVIE (Abbott) Logis. UK,Yes,99,1939.99,reasonable,4.03
30788,Zimbabwe,PMO - US,Direct Drop,FCA,Air,0,No,ARV,Pediatric,LAWRENCE LABORATORIES (SUBSIDIARY OF BRISTOL MYERS SQUIBB),"Didanosine 25mg [Videx], chewable tablets, 60 Tabs",Didanosine,Videx,25mg,Chewable/dispersible tablet,60,747,5229,7,0.12,,Bristol-Myers Squibb Anagni IT,Yes,169,2387.62,reasonable,6.47
22160,Haiti,PMO - US,Direct Drop,EXW,Ocean,0,No,ARV,Adult,MYLAN LABORATORIES LTD (FORMERLY MATRIX LABORATORIES),"Efavirenz/Lamivudine/Tenofovir Disoproxil Fumarate 600/300/300mg, tablets, 30 Tabs",Efavirenz/Lamivudine/Tenofovir Disoproxil Fumarate,Generic,600/300/300mg,Tablet - FDC,30,46500,499410,10.74,0.36,,Mylan (formerly Matrix) Nashik,Yes,5342,9195.61,expensive,513.39
717,Cote d'Ivoire,PMO - US,Direct Drop,EXW,Air,0,No,HRDT,HIV test,BIO-RAD LABORATORIES (FRANCE),"#108853** HIV, Genie II HIV-1/HIV-2 Kit, 40 Tests","HIV, Genie II HIV-1/HIV-2 Kit",Genie,N/A,Test kit,40,500,38000,76,1.9,,Bio-Rad Laboratories,Yes,562,11298.13,expensive,60.8
16513,Haiti,PMO - US,Direct Drop,EXW,Ocean,0,No,ARV,Pediatric,MYLAN LABORATORIES LTD (FORMERLY MATRIX LABORATORIES),"Lamivudine/Nevirapine/Zidovudine 30/50/60mg, dispersible tablets, 60 Tabs",Lamivudine/Nevirapine/Zidovudine,Generic,30/50/60mg,Chewable/dispersible tablet - FDC,60,889,3200.4,3.6,0.06,,Mylan (formerly Matrix) Nashik,Yes,94,2350.55,reasonable,3.96
60502,South Africa,PMO - US,Direct Drop,DDP,Ocean,0,No,ARV,Adult,Aurobindo Pharma Limited,"Tenofovir Disoproxil Fumarate 300mg, tablets, 30 Tabs",Tenofovir Disoproxil Fumarate,Generic,300mg,Tablet,30,79250,527012.5,6.65,0.22,,"Aurobindo Unit III, India",Yes,7397,8809.08,expensive,869.57
71320,Haiti,PMO - US,Direct Drop,EXW,Air,0,No,ARV,Pediatric,CIPLA LIMITED,"Abacavir 60mg, dispersible tablets, 60 Tabs",Abacavir,Generic,60mg,Chewable/dispersible tablet,60,482,2410,5,0.08,,"Cipla, Patalganga, India",Yes,50,1342.44,reasonable,2.98
72300,Haiti,PMO - US,Direct Drop,FCA,Air,0,No,ARV,Pediatric,ABBVIE LOGISTICS (FORMERLY ABBOTT LOGISTICS BV),"Lopinavir/Ritonavir 100/25mg [Aluvia], tablets, 60 Tabs",Lopinavir/Ritonavir,Generic,100/25mg,Tablet,60,360,2775.6,7.71,0.13,,ABBVIE Ludwigshafen Germany,Yes,46,984.39,reasonable,3.89
47870,Sudan,PMO - US,Direct Drop,EXW,Air,0,No,HRDT,HIV test,"Trinity Biotech, Plc","HIV 1/2, Uni-Gold HIV Kit, 20 Tests","HIV 1/2, Uni-Gold HIV Kit",Uni-Gold,N/A,Test kit,20,39,1248,32,1.6,,"Trinity Biotech, Plc",Yes,13,581.73,reasonable,2.06
35900,Swaziland,PMO - US,Direct Drop,EXW,Air,0,No,HRDT,HIV test,"Orgenics, Ltd","HIV 1/2, Determine Complete HIV Kit, 100 Tests","HIV 1/2, Determine Complete HIV Kit",Determine,N/A,Test kit,100,135,10800,80,0.8,,"Alere Medical Co., Ltd.",Yes,69,1626.1,reasonable,15.14
34184,Vietnam,PMO - US,Direct Drop,FCA,Air,0,No,ARV,Adult,ABBVIE LOGISTICS (FORMERLY ABBOTT LOGISTICS BV),"Ritonavir 100mg [Norvir], capsules, cool, 4 x 84 Caps",Ritonavir,Norvir,100mg,Capsule,336,36,7434.36,206.51,0.61,,ABBVIE (Abbott) Logis. UK,Yes,111,7300.68,expensive,12.27
45540,Vietnam,PMO - US,Direct Drop,EXW,Air,0,No,ARV,Adult,MYLAN LABORATORIES LTD (FORMERLY MATRIX LABORATORIES),"Lamivudine/Nevirapine/Zidovudine 150/200/300mg, tablets, 60 Tabs",Lamivudine/Nevirapine/Zidovudine,Generic,150/300/200mg,Tablet - FDC,60,12100,98010,8.1,0.13,,Mylan (formerly Matrix) Nashik,Yes,1685,3251.35,reasonable,100.75
78733,South Africa,PMO - US,Direct Drop,DDP,Ocean,0,No,ARV,Adult,Aurobindo Pharma Limited,"Zidovudine 300mg, tablets, 60 Tabs",Zidovudine,Generic,300mg,Tablet,60,9829,71751.7,7.3,0.12,,"Aurobindo Unit III, India",Yes,509,3341.45,reasonable,118.39
54348,Tanzania,PMO - US,Direct Drop,EXW,Air,0,No,HRDT,HIV test,"Orgenics, Ltd","HIV 1/2, Determine Complete HIV Kit, 100 Tests","HIV 1/2, Determine Complete HIV Kit",Determine,N/A,Test kit,100,1568,125440,80,0.8,,"Alere Medical Co., Ltd.",Yes,678,12950.74,expensive,175.87
3507,Nigeria,PMO - US,Direct Drop,EXW,Air,0,No,HRDT,HIV test,"Orgenics, Ltd","HIV 1/2, Determine Complete HIV Kit, 100 Tests","HIV 1/2, Determine Complete HIV Kit",Determine,N/A,Test kit,100,5259,420720,80,0.8,,Inverness Japan,Yes,1584,22775.45,expensive,824.61
52144,Nigeria,PMO - US,Direct Drop,EXW,Air,1,Yes,HRDT,HIV test,"Orgenics, Ltd","HIV 1/2, Determine Complete HIV Kit, 100 Tests","HIV 1/2, Determine Complete HIV Kit",Determine,N/A,Test kit,100,2880,256320,89,0.89,,"Alere Medical Co., Ltd.",Yes,1249,26380.35,expensive,359.36
13874,Haiti,PMO - US,Direct Drop,EXW,Air,0,No,ARV,Adult,MICRO LABS LIMITED,"Efavirenz 600mg, tablets, 30 Tabs",Efavirenz,Generic,600mg,Tablet,30,14448,46667.04,3.23,0.11,,"Micro labs, Verna, Goa, India",Yes,2284,13257.25,expensive,57.73
82105,Vietnam,PMO - US,Direct Drop,EXW,Air,0,No,ARV,Adult,HETERO LABS LIMITED,"Nevirapine 200mg, tablets, 60 Tabs",Nevirapine,Generic,200mg,Tablet,60,8586,20005.38,2.33,0.04,,Hetero Unit III Hyderabad IN,Yes,544,1454.64,reasonable,28.05
5293,Guyana,PMO - US,Direct Drop,EXW,Air,0,No,HRDT,HIV test,Abbott GmbH & Co. KG,"HIV 1/2, Determine Complete HIV Kit, 100 Tests","HIV 1/2, Determine Complete HIV Kit",Determine,N/A,Test kit,100,230,18400,80,0.8,,ABBVIE GmbH & Co.KG Wiesbaden,Yes,38681,801.54,reasonable,
18811,Cote d'Ivoire,PMO - US,Direct Drop,FCA,Air,0,No,ARV,Pediatric,ABBVIE LOGISTICS (FORMERLY ABBOTT LOGISTICS BV),"Lopinavir/Ritonavir 100/25mg [Aluvia], tablets, 60 Tabs",Lopinavir/Ritonavir,Generic,100/25mg,Tablet,60,4600,27324,5.94,0.1,,ABBVIE Ludwigshafen Germany,Yes,535,5924.33,expensive,33.8
28001,Nigeria,PMO - US,Direct Drop,EXW,Air,1,Yes,HRDT,HIV test,"Orgenics, Ltd","HIV 1/2, Determine Complete HIV Kit, 100 Tests","HIV 1/2, Determine Complete HIV Kit",Determine,N/A,Test kit,100,2853,253917,89,0.89,,"Alere Medical Co., Ltd.",Yes,1294,,,355.99
59267,Vietnam,PMO - US,Direct Drop,EXW,Air,0,No,ARV,Adult,HETERO LABS LIMITED,"Lamivudine/Zidovudine 150/300mg, tablets, 60 Tabs",Lamivudine/Zidovudine,Generic,150/300mg,Tablet - FDC,60,33405,228824.25,6.85,0.11,,Hetero Unit III Hyderabad IN,Yes,3751,10867.28,expensive,283.06
2477,Guyana,PMO - US,Direct Drop,EXW,Air,0,No,HRDT,HIV test,"Orgenics, Ltd","HIV 1/2, Determine Complete HIV Kit, 100 Tests","HIV 1/2, Determine Complete HIV Kit",Determine,N/A,Test kit,100,425,38250,90,0.9,,Inverness Japan,Yes,130,1859.79,reasonable,74.97
67011,Zimbabwe,PMO - US,Direct Drop,EXW,Air Charter,0,No,ARV,Adult,HETERO LABS LIMITED,"Lamivudine/Tenofovir Disoproxil Fumarate 300/300mg, tablets, 30 Tabs",Lamivudine/Tenofovir Disoproxil Fumarate,Generic,300/300mg,Tablet - FDC,30,47136,217768.32,4.62,0.15,,Hetero Unit III Hyderabad IN,Yes,5151,29257.65,expensive,223.87
18633,Sudan,PMO - US,Direct Drop,EXW,Air,0,No,HRDT,HIV test,"Trinity Biotech, Plc","HIV 1/2, Uni-Gold HIV Kit, 20 Tests","HIV 1/2, Uni-Gold HIV Kit",Uni-Gold,N/A,Test kit,20,50,1600,32,1.6,,"Trinity Biotech, Plc",Yes,17,1117.79,reasonable,3.45
28778,Zambia,PMO - US,Direct Drop,EXW,Air,0,No,ARV,Pediatric,CIPLA LIMITED,"Abacavir/Lamivudine 60/30mg, dispersible tablets, 60 Tabs",Abacavir/Lamivudine,Generic,60/30mg,Chewable/dispersible tablet - FDC,60,40000,240000,6,0.1,,"Cipla, Patalganga, India",Yes,3533,20188.13,expensive,296.88
66030,South Africa,PMO - US,Direct Drop,DDP,Air,0,No,ARV,Pediatric,Aurobindo Pharma Limited,"Nevirapine 10mg/ml, oral suspension w/syringe, Bottle, 240 ml",Nevirapine,Generic,10mg/ml,Oral suspension,240,19060,60039,3.15,0.01,,"Aurobindo Unit III, India",Yes,7353,4876.34,reasonable,129.44
36350,Guyana,PMO - US,Direct Drop,EXW,Air,0,No,ARV,Adult,Aurobindo Pharma Limited,"Lopinavir/Ritonavir 200/50mg, tablets, 120 Tabs",Lopinavir/Ritonavir,Generic,200/50mg,Tablet,120,3796,136656,36,0.3,,"Aurobindo Unit III, India",Yes,1028,12609.89,expensive,294.63
3386,Mozambique,PMO - US,Direct Drop,EXW,Air,0,No,HRDT,HIV test,"Orgenics, Ltd","HIV 1/2, Determine HIV Kit, without Lancets, 100 Tests","HIV 1/2, Determine HIV Kit, without Lancets",Determine,N/A,Test kit,100,1000,71990,71.99,0.72,,Inverness Japan,Yes,296,2648.82,reasonable,115.18
2686,Vietnam,PMO - US,Direct Drop,EXW,Air,0,No,ARV,Pediatric,Aurobindo Pharma Limited,"Zidovudine 10mg/ml, oral solution, Bottle, 240 ml",Zidovudine,Generic,10mg/ml,Oral solution,240,1000,5050,5.05,0.02,,"Aurobindo Unit III, India",Yes,3822,25124.12,expensive,
38253,Vietnam,PMO - US,Direct Drop,EXW,Air,0,No,ARV,Adult,MYLAN LABORATORIES LTD (FORMERLY MATRIX LABORATORIES),"Tenofovir Disoproxil Fumarate 300mg, tablets, 30 Tabs",Tenofovir Disoproxil Fumarate,Generic,300mg,Tablet,30,8388,54522,6.5,0.22,,Mylan (formerly Matrix) Nashik,Yes,544,9141.18,expensive,89.96
28039,Guyana,PMO - US,Direct Drop,FCA,Air,0,No,ARV,Pediatric,ABBVIE LOGISTICS (FORMERLY ABBOTT LOGISTICS BV),"Lopinavir/Ritonavir 80/20mg/ml [Kaletra], oral solution, cool, Bottle 5 x 60 ml",Lopinavir/Ritonavir,Kaletra,80/20mg/ml,Oral solution,300,21,1277.22,60.82,0.2,,ABBVIE (Abbott) Logis. UK,Yes,52,1097.08,reasonable,1.79
9351,Tanzania,PMO - US,Direct Drop,EXW,Air,0,No,HRDT,HIV test,"Standard Diagnostics, Inc.","HIV 1/2, Bioline 3.0 Kit, Lancets, Capillary pipets, Alcohol swabs included, 25 Tests","HIV 1/2, Bioline 3.0 Kit, Lancets, Capillary pipets, Alcohol swabs included",Bioline,N/A,Test kit,25,10000,200000,20,0.8,,"Standard Diagnostics, Korea",Yes,3345,29470,expensive,320
44577,Zimbabwe,PMO - US,Direct Drop,FCA,Air,0,No,ARV,Pediatric,ABBVIE LOGISTICS (FORMERLY ABBOTT LOGISTICS BV),"Lopinavir/Ritonavir 80/20mg/ml [Kaletra], oral solution, cool, Bottle 5 x 60 ml",Lopinavir/Ritonavir,Kaletra,80/20mg/ml,Oral solution,300,1024,31559.68,30.82,0.1,,ABBVIE (Abbott) Logis. UK,Yes,1014,,,44.25
47050,Mozambique,PMO - US,Direct Drop,EXW,Air,0,No,HRDT,HIV test,"Orgenics, Ltd","HIV 1/2, Determine HIV Kit, without Lancets, 100 Tests","HIV 1/2, Determine HIV Kit, without Lancets",Determine,N/A,Test kit,100,7587,589509.9,77.7,0.78,,Inverness Japan,Yes,1306,26532.85,expensive,972.69
6625,Vietnam,PMO - US,Direct Drop,EXW,Air,0,No,ARV,Adult,"GILEAD SCIENCES IRELAND, INC.","Tenofovir Disoproxil Fumarate 300mg [Viread], tablets, 30 Tabs",Tenofovir Disoproxil Fumarate,Viread,300mg,Tablet,30,1900,32300,17,0.57,,Gilead(Nycomed) Oranienburg DE,Yes,116,14571.5,expensive,
40798,South Africa,PMO - US,Direct Drop,DDP,Ocean,0,No,ARV,Pediatric,GLAXOSMITHKLINE EXPORT LIMITED,"Abacavir 20mg/ml [Ziagen], oral solution, Bottle, 240 ml",Abacavir,Ziagen,20mg/ml,Oral solution,240,20000,185600,9.28,0.04,,GSK Mississauga (Canada),Yes,7293,6560.34,expensive,306.24
71773,Uganda,PMO - US,Direct Drop,EXW,Air,0,No,HRDT,HIV test - Ancillary,"Orgenics, Ltd","Capillary Tubes, for Determine, EDTA, 50uL,100 Pcs","HIV, Capillary Tubes, for Determine, EDTA, 50uL,100 Pcs",Determine,N/A,Test kit - Ancillary,100,100,800,8,0.08,,"Alere Medical Co., Ltd.",Yes,74,1649.91,reasonable,0.99
73115,Mozambique,PMO - US,Direct Drop,FCA,Air,0,No,ARV,Adult,ABBVIE LOGISTICS (FORMERLY ABBOTT LOGISTICS BV),"Ritonavir 100mg [Norvir], film coated tablets, 60 Tabs",Ritonavir,Norvir,100mg,Tablet,60,616,4219.6,6.85,0.11,,ABBVIE Ludwigshafen Germany,Yes,87,1053.88,reasonable,5.22
34319,Nigeria,PMO - US,Direct Drop,EXW,Air,0,No,HRDT,HIV test,"Orgenics, Ltd","HIV 1/2, Determine Complete HIV Kit, 100 Tests","HIV 1/2, Determine Complete HIV Kit",Determine,N/A,Test kit,100,3176,282664,89,0.89,,"Alere Medical Co., Ltd.",Yes,1288,16002.97,expensive,290.58
68553,Vietnam,PMO - US,Direct Drop,EXW,Air,0,No,ARV,Adult,HETERO LABS LIMITED,"Tenofovir Disoproxil Fumarate 300mg, tablets, 30 Tabs",Tenofovir Disoproxil Fumarate,Generic,300mg,Tablet,30,42660,151443,3.55,0.12,,Hetero Unit III Hyderabad IN,Yes,3442,10533.01,expensive,187.33
31551,South Africa,PMO - US,Direct Drop,DDP,Ocean,0,No,ARV,Adult,CIPLA LIMITED,"Nevirapine 200mg, tablets, 60 Tabs",Nevirapine,Generic,200mg,Tablet,60,6000,16320,2.72,0.05,,"Cipla, Goa, India",Yes,638,654.72,reasonable,26.93
35444,Tanzania,PMO - US,Direct Drop,FCA,Air,0,No,ARV,Pediatric,ABBVIE LOGISTICS (FORMERLY ABBOTT LOGISTICS BV),"Lopinavir/Ritonavir 100/25mg [Aluvia], tablets, 60 Tabs",Lopinavir/Ritonavir,Generic,100/25mg,Tablet,60,1764,10478.16,5.94,0.1,,ABBVIE Ludwigshafen Germany,Yes,209,2177.56,reasonable,12.96
14278,Ethiopia,PMO - US,Direct Drop,EXW,Air,0,No,ARV,Adult,Aurobindo Pharma Limited,"Lamivudine 150mg, tablets, 60 Tabs",Lamivudine,Generic,150mg,Tablet,60,56000,133280,2.38,0.04,,"Aurobindo Unit III, India",Yes,2996,10612.93,expensive,287.35
3479,Ethiopia,PMO - US,Direct Drop,EXW,Air,0,No,HRDT,HIV test,"SHANGHAI KEHUA BIOENGINEERING CO.,LTD.  (KHB)","HIV 1/2, SKB Colloidal Gold, Diagnostic Kit, Antibody, 50 Tests","HIV 1/2, Colloidal Gold, Diagnostic Kit, Antibody",Colloidal Gold,N/A,Test kit,1,3510,80730,23,23,,"KHB Test Kit Facility, Shanghai China",Yes,2535,20083.74,expensive,158.23
69767,Vietnam,PMO - US,Direct Drop,EXW,Air,0,No,ARV,Adult,CIPLA LIMITED,"Lamivudine/Nevirapine/Stavudine 150/200/30mg, tablets, 60 Tabs",Lamivudine/Nevirapine/Stavudine,Generic,150/200/30mg,Tablet - FDC,60,40400,248460,6.15,0.1,,"Cipla, Goa, India",Yes,3919,12704,expensive,486.98
81421,South Africa,PMO - US,Direct Drop,DDP,Ocean,0,No,ARV,Adult,CIPLA LIMITED,"Tenofovir Disoproxil Fumarate 300mg, tablets, 30 Tabs",Tenofovir Disoproxil Fumarate,Generic,300mg,Tablet,30,58423,410713.69,7.03,0.23,,"Cipla, Goa, India",Yes,4007,6639.33,expensive,885.5
32743,Vietnam,PMO - US,Direct Drop,FCA,Air,0,No,ARV,Adult,ABBVIE LOGISTICS (FORMERLY ABBOTT LOGISTICS BV),"Lopinavir/Ritonavir 200/50mg [Aluvia], tablets, 120 Tabs",Lopinavir/Ritonavir,Aluvia,200/50mg,Tablet,120,2000,121640,60.82,0.51,,ABBVIE Ludwigshafen Germany,Yes,499,1467.82,reasonable,125.05
32358,South Africa,PMO - US,Direct Drop,DDP,Air,0,No,ARV,Adult,Aurobindo Pharma Limited,"Zidovudine 300mg, tablets, 60 Tabs",Zidovudine,Generic,300mg,Tablet,60,29402,218456.86,7.43,0.12,,"Aurobindo Unit III, India",Yes,1577,1697.9,reasonable,470.99
719,Cote d'Ivoire,PMO - US,Direct Drop,EXW,Air,0,No,ACT,ACT,IDA FOUNDATION,"Artesunate+Amodiaquine 50+153mg, tablets, co-blister 6+6 Tabs",Artesunate+Amodiaquine,Generic,50+153mg,Tablet - FDC + co-blister,12,25000,9750,0.39,0.03,,Ipca Dadra/Nagar Haveli IN,Yes,1708,12830.91,expensive,19.11
16255,Kenya,PMO - US,Direct Drop,EXW,Air,0,No,HRDT,HIV test,"Orgenics, Ltd","HIV 1/2, Determine Complete HIV Kit, 100 Tests","HIV 1/2, Determine Complete HIV Kit",Determine,N/A,Test kit,100,7999,711911,89,0.89,,"Alere Medical Co., Ltd.",Yes,1378,14842.19,expensive,998.1
17815,Mozambique,PMO - US,Direct Drop,EXW,Air,0,No,HRDT,HIV test,"Orgenics, Ltd","HIV 1/2, Determine HIV Kit, without Lancets, 100 Tests","HIV 1/2, Determine HIV Kit, without Lancets",Determine,N/A,Test kit,100,7412,575912.4,77.7,0.78,,Inverness Japan,Yes,2097,15891.96,expensive,950.26
60112,Uganda,PMO - US,Direct Drop,EXW,Air,0,No,ARV,Adult,Aurobindo Pharma Limited,"Nevirapine 200mg, tablets, 60 Tabs",Nevirapine,Generic,200mg,Tablet,60,18216,40986,2.25,0.04,,"Aurobindo Unit III, India",Yes,1863,6757.18,expensive,42.13
82005,South Africa,PMO - US,Direct Drop,DDP,Ocean,0,No,ARV,Adult,Aurobindo Pharma Limited,"Lamivudine 150mg, tablets, 60 Tabs",Lamivudine,Generic,150mg,Tablet,60,130828,316603.76,2.42,0.04,,"Aurobindo Unit III, India",Yes,6525,10984.82,expensive,682.6
35300,Vietnam,PMO - US,Direct Drop,EXW,Air,0,No,ARV,Adult,HETERO LABS LIMITED,"Stavudine 30mg, capsules, 60 Caps",Stavudine,Generic,30mg,Capsule,60,21000,30450,1.45,0.02,,Hetero Unit III Hyderabad IN,Yes,1516,11915.51,expensive,50.24
49540,South Sudan,PMO - US,Direct Drop,EXW,Air,0,No,ARV,Pediatric,Aurobindo Pharma Limited,"Nevirapine 50mg, dispersible tablets (tablets for oral suspension), 30 Tabs",Nevirapine,Generic,50mg,Chewable/dispersible tablet,30,625,781.25,1.25,0.04,,"Aurobindo Unit III, India",Yes,34,1191.93,reasonable,0.97
4283,Haiti,PMO - US,Direct Drop,FCA,Air,0,No,ARV,Pediatric,ABBVIE LOGISTICS (FORMERLY ABBOTT LOGISTICS BV),"Lopinavir/Ritonavir 100/25mg [Aluvia], tablets, 60 Tabs",Lopinavir/Ritonavir,Generic,100/25mg,Tablet,60,180,1850.4,10.28,0.17,,ABBVIE Ludwigshafen Germany,Yes,31,910.86,reasonable,2.96
42912,Nigeria,PMO - US,Direct Drop,EXW,Air,0,No,ACT,ACT,NOVARTIS PHARMA SERVICES AG,"Artemether/Lumefantrine 20/120mg [Coartem], scored tablets, Blister 30 x 24 Tabs",Artemether/Lumefantrine,Coartem,20/120mg,Tablet - FDC + blister,720,2500,105000,42,0.06,,"Novartis Pharma Suffern, USA",Yes,1725,11954.71,expensive,147.21
32963,Cote d'Ivoire,PMO - US,Direct Drop,FCA,Air,0,No,ARV,Pediatric,ABBVIE LOGISTICS (FORMERLY ABBOTT LOGISTICS BV),"Lopinavir/Ritonavir 100/25mg [Aluvia], tablets, 60 Tabs",Lopinavir/Ritonavir,Generic,100/25mg,Tablet,60,5900,35046,5.94,0.1,,ABBVIE Ludwigshafen Germany,Yes,701,7008.1,expensive,43.35
65331,Haiti,PMO - US,Direct Drop,EXW,Air,0,No,ARV,Adult,Aurobindo Pharma Limited,"Didanosine 400mg, delayed-release capsules, 30 Caps",Didanosine,Generic,400mg,Delayed-release capsules,30,240,4800,20,0.67,,"Aurobindo Unit III, India",Yes,19,971.7,reasonable,5.94
77152,Vietnam,PMO - US,Direct Drop,EXW,Air,0,No,ARV,Adult,MYLAN LABORATORIES LTD (FORMERLY MATRIX LABORATORIES),"Efavirenz 600mg, tablets, 30 Tabs",Efavirenz,Generic,600mg,Tablet,30,31579,135789.7,4.3,0.14,,Mylan (formerly Matrix) Nashik,Yes,2585,11617.57,expensive,292.76
72639,Cote d'Ivoire,PMO - US,Direct Drop,EXW,Air,0,No,HRDT,HIV test,"CHEMBIO DIAGNOSTIC SYSTEMS, INC.","HIV 1/2, Stat-Pak HIV, Kit, 20 Tests","HIV 1/2, Stat-Pak HIV, Kit",Stat-Pak,N/A,Test kit,20,2068,55836,27,1.35,,Chembio Diagnostics Sys. Inc.,Yes,685,5557.27,expensive,120.38
28471,Nigeria,PMO - US,Direct Drop,EXW,Air,1,Yes,HRDT,HIV test,"Orgenics, Ltd","HIV 1/2, Determine Complete HIV Kit, 100 Tests","HIV 1/2, Determine Complete HIV Kit",Determine,N/A,Test kit,100,2835,252315,89,0.89,,"Alere Medical Co., Ltd.",Yes,1352,31284.02,expensive,353.75
4303,Rwanda,PMO - US,Direct Drop,EXW,Air,0,No,HRDT,HIV test,"Trinity Biotech, Plc","HIV 1/2, Uni-Gold HIV Kit, 20 Tests","HIV 1/2, Uni-Gold HIV Kit",Uni-Gold,N/A,Test kit,20,3150,100800,32,1.6,,"Trinity Biotech, Plc",Yes,1080,15987.05,expensive,161.28
16848,Cote d'Ivoire,PMO - US,Direct Drop,EXW,Air,0,No,HRDT,HIV test,"Orgenics, Ltd","HIV 1/2, Determine Complete HIV Kit, 100 Tests","HIV 1/2, Determine Complete HIV Kit",Determine,N/A,Test kit,100,5900,472000,80,0.8,,"Alere Medical Co., Ltd.",Yes,2393,33029.82,expensive,485.22
32959,Botswana,PMO - US,Direct Drop,EXW,Air,0,No,HRDT,HIV test - Ancillary,Orasure Technologies Inc.,"#109435**HIV, OraQuick Controls Kit, 3 Vials","HIV, OraQuick Controls Kit, 3 Vials",OraQuick,N/A,Test kit - Ancillary,3,10,250,25,8.33,,"Orasure Technologies, Inc USA",Yes,6,418.94,reasonable,0.49
28265,Burundi,PMO - US,Direct Drop,EXW,Air,0,No,HRDT,HIV test,"Orgenics, Ltd","HIV 1/2, Determine Complete HIV Kit, 100 Tests","HIV 1/2, Determine Complete HIV Kit",Determine,N/A,Test kit,100,1560,124800,80,0.8,,"Alere Medical Co., Ltd.",Yes,676,14189.02,expensive,154.38
60109,Zimbabwe,PMO - US,Direct Drop,EXW,Air,0,No,ARV,Pediatric,ABBVIE LOGISTICS (FORMERLY ABBOTT LOGISTICS BV),"Lopinavir/Ritonavir 80/20mg/ml [Kaletra], oral solution, cool, Bottle 5 x 60 ml",Lopinavir/Ritonavir,Kaletra,80/20mg/ml,Oral solution,300,3794,116931.08,30.82,0.1,,ABBVIE (Abbott) Logis. UK,Yes,3287,26515.21,expensive,120.21
4929,Zambia,PMO - US,Direct Drop,EXW,Air,0,No,HRDT,HIV test,"Standard Diagnostics, Inc.","HIV 1/2, Bioline 3.0 Kit, Lancets, Capillary pipets, Alcohol swabs included, 25 Tests","HIV 1/2, Bioline 3.0 Kit, Lancets, Capillary pipets, Alcohol swabs included",Bioline,N/A,Test kit,25,300,6000,20,0.8,,"Standard Diagnostics, Korea",Yes,94,1205.43,reasonable,11.76
70733,Vietnam,PMO - US,Direct Drop,EXW,Air,0,No,ARV,Adult,MICRO LABS LIMITED,"Lamivudine 150mg, tablets, 60 Tabs",Lamivudine,Generic,150mg,Tablet,60,22430,41271.2,1.84,0.03,,"Micro labs, Verna, Goa, India",Yes,939,2040.93,reasonable,57.86
2305,Nigeria,PMO - US,Direct Drop,CIP,Air,0,No,ARV,Adult,MERCK SHARP & DOHME IDEA GMBH (FORMALLY MERCK SHARP & DOHME B.V.),"Efavirenz/Emtricitabine/Tenofovir Disoproxil Fumarate 600/200/300mg [Atripla], tablets, 30 Tabs",Efavirenz/Emtricitabine/Tenofovir Disoproxil Fumarate,Atripla,600/200/300mg,Tablet - FDC,30,25000,1260000,50.4,1.68,,"MSD, Haarlem, NL",Yes,2067,7933.38,expensive,2469.6
23076,South Sudan,PMO - US,Direct Drop,EXW,Air,0,No,HRDT,HIV test,"Trinity Biotech, Plc","HIV 1/2, Uni-Gold HIV Kit, 20 Tests","HIV 1/2, Uni-Gold HIV Kit",Uni-Gold,N/A,Test kit,20,450,14400,32,1.6,,"Trinity Biotech, Plc",Yes,165,2329.14,reasonable,17.81
69683,Tanzania,PMO - US,Direct Drop,EXW,Air,0,No,HRDT,HIV test,"Standard Diagnostics, Inc.","HIV 1/2, Bioline 3.0 Kit, Lancets, Capillary pipets, Alcohol swabs included, 25 Tests","HIV 1/2, Bioline 3.0 Kit, Lancets, Capillary pipets, Alcohol swabs included",Bioline,N/A,Test kit,25,10000,200000,20,0.8,,"Standard Diagnostics, Korea",Yes,3334,23623.43,expensive,330
28888,Mali,PMO - US,Direct Drop,EXW,Air,0,No,HRDT,HIV test,"Orgenics, Ltd","HIV 1/2, ImmunoComb II BiSpot EIA Kit, 36 Tests","HIV 1/2, ImmunoComb II BiSpot EIA Kit",ImmunoComb,N/A,Test kit,36,58,4930,85,2.36,,"Alere Medical Co., Ltd.",Yes,23,1148.65,reasonable,5.07
15999,Tanzania,PMO - US,Direct Drop,EXW,Air,0,No,ARV,Adult,Aurobindo Pharma Limited,"Lamivudine/Nevirapine/Zidovudine 150/200/300mg, tablets, 60 Tabs",Lamivudine/Nevirapine/Zidovudine,Generic,150/300/200mg,Tablet - FDC,60,36426,296143.38,8.13,0.14,,"Aurobindo Unit III, India",Yes,4609,17581.92,expensive,366.33
13581,Swaziland,PMO - US,Direct Drop,EXW,Air,0,No,HRDT,HIV test,"Orgenics, Ltd","HIV 1/2, Determine Complete HIV Kit, 100 Tests","HIV 1/2, Determine Complete HIV Kit",Determine,N/A,Test kit,100,377,30160,80,0.8,,Inverness Japan,Yes,172,4504.46,reasonable,49.76
14180,Zambia,PMO - US,Direct Drop,EXW,Air,0,No,HRDT,HIV test,"Trinity Biotech, Plc","HIV 1/2, Uni-Gold HIV Kit, 20 Tests","HIV 1/2, Uni-Gold HIV Kit",Uni-Gold,N/A,Test kit,20,9500,304000,32,1.6,,"Trinity Biotech, Plc",Yes,2783,20621.1,expensive,312.51
23365,Rwanda,PMO - US,Direct Drop,CIP,Air,0,No,ARV,Adult,Aurobindo Pharma Limited,"Didanosine 250mg, delayed-release capsules, 30 Caps",Didanosine,Generic,250mg,Delayed-release capsules,30,558,8174.7,14.65,0.49,,"Aurobindo Unit III, India",Yes,1297,23760.45,expensive,16.02
937,Mozambique,PMO - US,Direct Drop,EXW,Air,0,No,HRDT,HIV test,"Trinity Biotech, Plc","HIV 1/2, Uni-Gold HIV Kit, 20 Tests","HIV 1/2, Uni-Gold HIV Kit",Uni-Gold,N/A,Test kit,20,5700,182400,32,1.6,,"Trinity Biotech, Plc",Yes,1906,23914.8,expensive,357.5
962,Vietnam,PMO - US,Direct Drop,EXW,Air,0,No,ARV,Adult,CIPLA LIMITED,"Lamivudine/Nevirapine/Stavudine 150/200/30mg, tablets, 60 Tabs",Lamivudine/Nevirapine/Stavudine,Generic,150/200/30mg,Tablet - FDC,60,10560,72864,6.9,0.12,,"Cipla, Goa, India",Yes,924,4225.93,reasonable,142.81
71323,Kenya,PMO - US,Direct Drop,EXW,Air,0,No,HRDT,HIV test,"Orgenics, Ltd","HIV 1/2, Determine Complete HIV Kit, 100 Tests","HIV 1/2, Determine Complete HIV Kit",Determine,N/A,Test kit,100,7238,644182,89,0.89,,"Alere Medical Co., Ltd.",Yes,1246,13336.64,expensive,1062.9
64615,Uganda,PMO - US,Direct Drop,FCA,Air,0,No,ARV,Adult,ABBVIE LOGISTICS (FORMERLY ABBOTT LOGISTICS BV),"Ritonavir 100mg [Norvir], film coated tablets, 60 Tabs",Ritonavir,Norvir,100mg,Tablet,60,579,3966.15,6.85,0.11,,ABBVIE Ludwigshafen Germany,Yes,103,1393.29,reasonable,4.08
42980,Ethiopia,PMO - US,Direct Drop,EXW,Air,0,No,HRDT,HIV test,"SHANGHAI KEHUA BIOENGINEERING CO.,LTD.  (KHB)","HIV 1/2, SKB Colloidal Gold, Diagnostic Kit, Antibody, 50 Tests","HIV 1/2, Colloidal Gold, Diagnostic Kit, Antibody",Colloidal Gold,N/A,Test kit,1,924,22638,24.5,24.5,,"KHB Test Kit Facility, Shanghai China",Yes,656,6488.44,expensive,31.74
28181,South Africa,PMO - US,Direct Drop,DDP,Ocean,0,No,ARV,Adult,STRIDES ARCOLAB LIMITED,"Lamivudine 150mg, tablets, 60 Tabs",Lamivudine,Generic,150mg,Tablet,60,356876,867208.68,2.43,0.04,,"Strides, Bangalore, India.",Yes,16391,20258.29,expensive,1430.89
14811,Rwanda,PMO - US,Direct Drop,EXW,Air,0,No,HRDT,HIV test,"SHANGHAI KEHUA BIOENGINEERING CO.,LTD.  (KHB)","HIV 1/2, SKB Colloidal Gold, Diagnostic Kit, Antibody, 50 Tests","HIV 1/2, Colloidal Gold, Diagnostic Kit, Antibody",Colloidal Gold,N/A,Test kit,1,4068,99666,24.5,24.5,,"KHB Test Kit Facility, Shanghai China",Yes,2712,37680.04,expensive,102.46
2685,Zambia,PMO - US,Direct Drop,EXW,Air,0,No,ARV,Adult,Aurobindo Pharma Limited,"Efavirenz 600mg, tablets, 30 Tabs",Efavirenz,Generic,600mg,Tablet,30,60784,1018132,16.75,0.56,,"Aurobindo Unit III, India",Yes,11179,49824.57,expensive,
40779,Mozambique,PMO - US,Direct Drop,EXW,Air,0,No,HRDT,HIV test,"Orgenics, Ltd","HIV 1/2, Determine Complete HIV Kit, 100 Tests","HIV 1/2, Determine Complete HIV Kit",Determine,N/A,Test kit,100,8898,711840,80,0.8,,"Alere Medical Co., Ltd.",Yes,3611,24079.79,expensive,731.77
53226,Tanzania,PMO - US,Direct Drop,EXW,Air,0,No,HRDT,HIV test,"Standard Diagnostics, Inc.","HIV 1/2, Bioline 3.0 Kit, Lancets, Capillary pipets, Alcohol swabs included, 25 Tests","HIV 1/2, Bioline 3.0 Kit, Lancets, Capillary pipets, Alcohol swabs included",Bioline,N/A,Test kit,25,10000,200000,20,0.8,,"Standard Diagnostics, Korea",Yes,3334,23489.63,expensive,330
17861,Vietnam,PMO - US,Direct Drop,EXW,Air,0,No,ARV,Adult,CIPLA LIMITED,"Lamivudine/Nevirapine/Stavudine 150/200/30mg, tablets, 60 Tabs",Lamivudine/Nevirapine/Stavudine,Generic,150/200/30mg,Tablet - FDC,60,19920,114340.8,5.74,0.1,,"Cipla, Goa, India",Yes,1936,5314.56,expensive,246.52
66371,Tanzania,PMO - US,Direct Drop,EXW,Air,0,No,ARV,Adult,Aurobindo Pharma Limited,"Lamivudine/Nevirapine/Zidovudine 150/200/300mg, tablets, 60 Tabs",Lamivudine/Nevirapine/Zidovudine,Generic,150/300/200mg,Tablet - FDC,60,37012,300907.56,8.13,0.14,,"Aurobindo Unit III, India",Yes,4699,17907.7,expensive,372.22
10477,Namibia,PMO - US,Direct Drop,EXW,Air,0,No,HRDT,HIV test,"Orgenics, Ltd","HIV 1/2, Determine Complete HIV Kit, 100 Tests","HIV 1/2, Determine Complete HIV Kit",Determine,N/A,Test kit,100,150,10800,72,0.72,,Inverness Japan,Yes,47,2681.23,reasonable,21.17
3839,Namibia,PMO - US,Direct Drop,EXW,Air,0,No,HRDT,HIV test,"Orgenics, Ltd","HIV 1/2, Determine HIV Kit, without Lancets, 100 Tests","HIV 1/2, Determine HIV Kit, without Lancets",Determine,N/A,Test kit,100,180,12600,70,0.7,,Inverness Japan,Yes,43,2760.11,reasonable,24.7
914,Cote d'Ivoire,PMO - US,Direct Drop,EXW,Air,0,No,ANTM,Malaria,IDA FOUNDATION,"Quinine 600mg/2ml (as dihydrochloride), injection, 2ml x 100 Ampules",Quinine (as dihydrochloride),Generic,600mg/2ml,Injection,100,140,2731.4,19.51,0.2,,Gland Pharma Ltd Pally Factory,Yes,5209,25405.22,expensive,5.35
50314,South Africa,PMO - US,Direct Drop,DDP,Ocean,0,No,ARV,Adult,CIPLA LIMITED,"Tenofovir Disoproxil Fumarate 300mg, tablets, 30 Tabs",Tenofovir Disoproxil Fumarate,Generic,300mg,Tablet,30,82500,565950,6.86,0.23,,"Cipla, Goa, India",Yes,5624,7378.63,expensive,933.82
2506,Nigeria,PMO - US,Direct Drop,FCA,Air,0,No,ARV,Adult,ABBVIE LOGISTICS (FORMERLY ABBOTT LOGISTICS BV),"Lopinavir/Ritonavir 200/50mg [Aluvia], tablets, 120 Tabs",Lopinavir/Ritonavir,Aluvia,200/50mg,Tablet,120,2040,83844,41.1,0.34,,ABBVIE Ludwigshafen Germany,Yes,309,3777.93,reasonable,164.33
73145,Cote d'Ivoire,PMO - US,Direct Drop,EXW,Air,0,No,ARV,Adult,MYLAN LABORATORIES LTD (FORMERLY MATRIX LABORATORIES),"Abacavir/Lamivudine/Zidovudine 300/150/300mg, tablets, 60 Tabs",Abacavir/Lamivudine/Zidovudine,Generic,300/150/300mg,Tablet - FDC,60,4448,133440,30,0.5,,Mylan (formerly Matrix) Nashik,Yes,693,5066.44,expensive,287.7
40821,Cameroon,PMO - US,Direct Drop,EXW,Air,0,No,ARV,Adult,CIPLA LIMITED,"Lamivudine/Tenofovir Disoproxil Fumarate 300/300mg, tablets, 30 Tabs",Lamivudine/Tenofovir Disoproxil Fumarate,Generic,300/300mg,Tablet - FDC,30,12600,57960,4.6,0.15,,"Cipla, Kurkumbh, India",Yes,1278,15106.61,expensive,71.7
9487,Rwanda,PMO - US,Direct Drop,EXW,Air,0,No,HRDT,HIV test,"Trinity Biotech, Plc","HIV 1/2, Capillus HIV Kit, 100 Tests","HIV 1/2, Capillus HIV Kit",Capillus,N/A,Test kit,100,463,64357,139,1.39,,"Trinity Biotech, Plc",Yes,450,4360.83,reasonable,102.97
64319,Nigeria,PMO - US,Direct Drop,EXW,Air,1,Yes,HRDT,HIV test,"Orgenics, Ltd","HIV 1/2, Determine Complete HIV Kit, 100 Tests","HIV 1/2, Determine Complete HIV Kit",Determine,N/A,Test kit,100,2835,252315,89,0.89,,"Alere Medical Co., Ltd.",Yes,1352,30726.22,expensive,353.75
52837,Nigeria,PMO - US,Direct Drop,EXW,Air,0,No,HRDT,HIV test,"Orgenics, Ltd","HIV 1/2, Determine Complete HIV Kit, 100 Tests","HIV 1/2, Determine Complete HIV Kit",Determine,N/A,Test kit,100,4657,414473,89,0.89,,"Alere Medical Co., Ltd.",Yes,2307,21672.24,expensive,487.83
66585,Nigeria,PMO - US,Direct Drop,EXW,Air,1,Yes,HRDT,HIV test,"Orgenics, Ltd","HIV 1/2, Determine Complete HIV Kit, 100 Tests","HIV 1/2, Determine Complete HIV Kit",Determine,N/A,Test kit,100,3056,271984,89,0.89,,"Alere Medical Co., Ltd.",Yes,1248,13325.5,expensive,336.44
41431,Haiti,PMO - US,Direct Drop,EXW,Air,0,No,ARV,Adult,HETERO LABS LIMITED,"Zidovudine 300mg, tablets, 60 Tabs",Zidovudine,Generic,300mg,Tablet,60,990,5445,5.5,0.09,,Hetero Unit III Hyderabad IN,Yes,69,694.54,reasonable,5.6
59189,Vietnam,PMO - US,Direct Drop,EXW,Air,0,No,ARV,Adult,EMCURE PHARMACEUTICALS LTD,"Nevirapine 200mg, tablets, 60 Tabs",Nevirapine,Generic,200mg,Tablet,60,7063,16244.9,2.3,0.04,,"Emcure Plot No.P-2, I.T-B.T. Park, Phase II, MIDC, Hinjwadi, Pune, India",Yes,412,1769.68,reasonable,20.09
68680,Vietnam,PMO - US,Direct Drop,EXW,Air,0,No,ARV,Adult,HETERO LABS LIMITED,"Efavirenz/Lamivudine/Tenofovir Disoproxil Fumarate 600/300/300mg, tablets, 30 Tabs",Efavirenz/Lamivudine/Tenofovir Disoproxil Fumarate,Generic,600/300/300mg,Tablet - FDC,30,17188,180474,10.5,0.35,,Hetero Unit III Hyderabad IN,Yes,2388,3790.32,reasonable,185.53
55522,South Africa,PMO - US,Direct Drop,DDP,Ocean,0,No,ARV,Pediatric,Aurobindo Pharma Limited,"Nevirapine 10mg/ml, oral suspension w/syringe, Bottle, 240 ml",Nevirapine,Generic,10mg/ml,Oral suspension,240,27910,59169.2,2.12,0.01,,"Aurobindo Unit III, India",Yes,10346,3961.7,reasonable,97.63
72719,Cote d'Ivoire,PMO - US,Direct Drop,EXW,Air,0,No,HRDT,HIV test,BIO-RAD LABORATORIES (FRANCE),"HIV 1/2, Genie III Kit, 50 Tests","HIV 1/2, Genie III Kit",Genie,N/A,Test kit,50,500,45500,91,1.82,,Bio-Rad Laboratories,Yes,284,32609.44,expensive,63.79
32189,Vietnam,PMO - US,Direct Drop,EXW,Air,0,No,ARV,Adult,HETERO LABS LIMITED,"Efavirenz/Lamivudine/Tenofovir Disoproxil Fumarate 600/300/300mg, tablets, 30 Tabs",Efavirenz/Lamivudine/Tenofovir Disoproxil Fumarate,Generic,600/300/300mg,Tablet - FDC,30,17760,177600,10,0.33,,Hetero Unit III Hyderabad IN,Yes,2523,4784.19,reasonable,209.04
72445,Cote d'Ivoire,PMO - US,Direct Drop,EXW,Air,0,No,HRDT,HIV test,BIO-RAD LABORATORIES (FRANCE),"HIV 1/2, Genie III Kit, 50 Tests","HIV 1/2, Genie III Kit",Genie,N/A,Test kit,50,300,27300,91,1.82,,Bio-Rad Laboratories,Yes,728,6879.32,expensive,38.27
65291,Ethiopia,PMO - US,Direct Drop,EXW,Air,0,No,HRDT,HIV test,"Trinity Biotech, Plc","HIV 1/2, Uni-Gold HIV Kit, 20 Tests","HIV 1/2, Uni-Gold HIV Kit",Uni-Gold,N/A,Test kit,20,167,5344,32,1.6,,"Trinity Biotech, Plc",Yes,60,911.32,reasonable,7.49
72424,South Africa,PMO - US,Direct Drop,DDP,Ocean,0,No,ARV,Pediatric,Aurobindo Pharma Limited,"Efavirenz 50mg, capsule, 30 Caps",Efavirenz,Generic,50mg,Capsule,30,92000,216200,2.35,0.08,,"Aurobindo Unit III, India",Yes,5184,9592.95,expensive,466.13
20883,Tanzania,PMO - US,Direct Drop,EXW,Air,0,No,HRDT,HIV test,"Standard Diagnostics, Inc.","HIV 1/2, Bioline 3.0 Kit, Lancets, Capillary pipets, Alcohol swabs included, 25 Tests","HIV 1/2, Bioline 3.0 Kit, Lancets, Capillary pipets, Alcohol swabs included",Bioline,N/A,Test kit,25,1520,30400,20,0.8,,"Standard Diagnostics, Korea",Yes,507,4329.08,reasonable,50.16
16104,Ethiopia,PMO - US,Direct Drop,EXW,Air,0,No,ARV,Adult,Aurobindo Pharma Limited,"Didanosine 400mg, delayed-release capsules, 30 Caps",Didanosine,Generic,400mg,Delayed-release capsules,30,2225,44500,20,0.67,,"Aurobindo Unit III, India",Yes,174,2052.97,reasonable,73.42
41916,South Africa,PMO - US,Direct Drop,DDP,Ocean,0,No,ARV,Adult,Aurobindo Pharma Limited,"Efavirenz 600mg, tablets, 30 Tabs",Efavirenz,Generic,600mg,Tablet,30,48866,220385.66,4.51,0.15,,"Aurobindo Unit III, India",Yes,4154,9951.37,expensive,363.64
74609,Kenya,PMO - US,Direct Drop,CIP,Air,0,No,HRDT,HIV test,"Orgenics, Ltd","HIV 1/2, Determine Complete HIV Kit, 100 Tests","HIV 1/2, Determine Complete HIV Kit",Determine,N/A,Test kit,100,1,89,89,0.89,,"Alere Medical Co., Ltd.",Yes,1476,91.66,reasonable,0.12
16053,Vietnam,PMO - US,Direct Drop,EXW,Air,0,No,ARV,Adult,HETERO LABS LIMITED,"Lamivudine 150mg, tablets, 60 Tabs",Lamivudine,Generic,150mg,Tablet,60,14011,25920.35,1.85,0.03,,Hetero Unit III Hyderabad IN,Yes,1953,3658.08,reasonable,32.06
45160,South Sudan,PMO - US,Direct Drop,EXW,Air,0,No,HRDT,HIV test,"Trinity Biotech, Plc","HIV 1/2, Uni-Gold HIV Kit, 20 Tests","HIV 1/2, Uni-Gold HIV Kit",Uni-Gold,N/A,Test kit,20,176,5632,32,1.6,,"Trinity Biotech, Plc",Yes,71,1743.35,reasonable,7.9
14291,Tanzania,PMO - US,Direct Drop,EXW,Air,0,No,HRDT,HIV test,"Orgenics, Ltd","HIV 1/2, Determine Complete HIV Kit, 100 Tests","HIV 1/2, Determine Complete HIV Kit",Determine,N/A,Test kit,100,100,8000,80,0.8,,"Alere Medical Co., Ltd.",Yes,39,1176.54,reasonable,8.22
28673,South Africa,PMO - US,Direct Drop,DDP,Ocean,1,Yes,ARV,Adult,Aurobindo Pharma Limited,"Efavirenz 600mg, tablets, 30 Tabs",Efavirenz,Generic,600mg,Tablet,30,119251,508009.26,4.26,0.14,,"Aurobindo Unit III, India",Yes,9461,7292.27,expensive,838.22
68230,Vietnam,PMO - US,Direct Drop,FCA,Air,0,No,ARV,Adult,ABBVIE LOGISTICS (FORMERLY ABBOTT LOGISTICS BV),"Lopinavir/Ritonavir 200/50mg [Aluvia], tablets, 120 Tabs",Lopinavir/Ritonavir,Aluvia,200/50mg,Tablet,120,1820,149604,82.2,0.68,,ABBVIE Ludwigshafen Germany,Yes,445,4755.76,reasonable,322.55
21414,Uganda,PMO - US,Direct Drop,EXW,Air,0,No,ARV,Adult,CIPLA LIMITED,"Lamivudine/Nevirapine/Zidovudine 150/200/300mg, tablets, 60 Tabs",Lamivudine/Nevirapine/Zidovudine,Generic,150/300/200mg,Tablet - FDC,60,60929,493524.9,8.1,0.13,,"Cipla, Goa, India",Yes,8638,30764.18,expensive,610.49
2795,Tanzania,PMO - US,Direct Drop,EXW,Air,0,No,HRDT,HIV test,"Standard Diagnostics, Inc.","HIV 1/2, Bioline 3.0 Kit, Lancets, Capillary pipets, Alcohol swabs included, 25 Tests","HIV 1/2, Bioline 3.0 Kit, Lancets, Capillary pipets, Alcohol swabs included",Bioline,N/A,Test kit,25,5000,100000,20,0.8,,"Standard Diagnostics, Korea",Yes,1456,14505.37,expensive,160
67244,Rwanda,PMO - US,Direct Drop,EXW,Air,0,No,HRDT,HIV test,"SHANGHAI KEHUA BIOENGINEERING CO.,LTD.  (KHB)","HIV 1/2, SKB Colloidal Gold, Diagnostic Kit, Antibody, 50 Tests","HIV 1/2, Colloidal Gold, Diagnostic Kit, Antibody",Colloidal Gold,N/A,Test kit,1,2988,73206,24.5,24.5,,"KHB Test Kit Facility, Shanghai China",Yes,1992,26266.34,expensive,90.56
53775,Zambia,PMO - US,Direct Drop,EXW,Air,0,No,HRDT,HIV test,"Orgenics, Ltd","HIV 1/2, Determine Complete HIV Kit, 100 Tests","HIV 1/2, Determine Complete HIV Kit",Determine,N/A,Test kit,100,2884,230720,80,0.8,,"Alere Medical Co., Ltd.",Yes,1374,25052.44,expensive,380.69
9749,Vietnam,PMO - US,Direct Drop,FCA,Air,0,No,ARV,Adult,ABBVIE LOGISTICS (FORMERLY ABBOTT LOGISTICS BV),"Lopinavir/Ritonavir 200/50mg [Aluvia], tablets, 120 Tabs",Lopinavir/Ritonavir,Aluvia,200/50mg,Tablet,120,1480,121656,82.2,0.68,,ABBVIE Ludwigshafen Germany,Yes,370,2652.33,reasonable,194.65
23787,Botswana,PMO - US,Direct Drop,EXW,Air,0,No,HRDT,HIV test,"Trinity Biotech, Plc","HIV 1/2, Uni-Gold HIV Kit, 20 Tests","HIV 1/2, Uni-Gold HIV Kit",Uni-Gold,N/A,Test kit,20,5,160,32,1.6,,"Trinity Biotech, Plc",Yes,3,603.53,reasonable,0.31
60966,Liberia,PMO - US,Direct Drop,EXW,Air,0,No,HRDT,HIV test,"Orgenics, Ltd","HIV 1/2, Determine Complete HIV Kit, 100 Tests","HIV 1/2, Determine Complete HIV Kit",Determine,N/A,Test kit,100,695,55600,80,0.8,,"Alere Medical Co., Ltd.",Yes,332,8738.06,expensive,91.74
15946,Ethiopia,PMO - US,Direct Drop,EXW,Air,0,No,ARV,Adult,Aurobindo Pharma Limited,"Didanosine 250mg, delayed-release capsules, 30 Caps",Didanosine,Generic,250mg,Delayed-release capsules,30,2600,33800,13,0.43,,"Aurobindo Unit III, India",Yes,236,1131.48,reasonable,72.87
17640,Mozambique,PMO - US,Direct Drop,EXW,Air,0,No,HRDT,HIV test,"Orgenics, Ltd","HIV 1/2, Determine Complete HIV Kit, 100 Tests","HIV 1/2, Determine Complete HIV Kit",Determine,N/A,Test kit,100,1832,146560,80,0.8,,"Alere Medical Co., Ltd.",Yes,829,8680.27,expensive,181.29
1183,Vietnam,PMO - US,Direct Drop,EXW,Air,0,No,ARV,Adult,Aurobindo Pharma Limited,"Lamivudine/Nevirapine/Zidovudine 150/200/300mg, tablets, 60 Tabs",Lamivudine/Nevirapine/Zidovudine,Generic,150/300/200mg,Tablet - FDC,60,3500,39025,11.15,0.19,,"Aurobindo Unit III, India",Yes,1804,6341.88,expensive,76.49
22301,Vietnam,PMO - US,Direct Drop,EXW,Air,0,No,ARV,Adult,MYLAN LABORATORIES LTD (FORMERLY MATRIX LABORATORIES),"Efavirenz/Lamivudine/Tenofovir Disoproxil Fumarate 600/300/300mg, tablets, 30 Tabs",Efavirenz/Lamivudine/Tenofovir Disoproxil Fumarate,Generic,600/300/300mg,Tablet - FDC,30,23251,278779.49,11.99,0.4,,Mylan (formerly Matrix) Nashik,Yes,2641,4503.42,reasonable,390.85
19584,Tanzania,PMO - US,Direct Drop,EXW,Air,0,No,HRDT,HIV test,"Orgenics, Ltd","HIV 1/2, Determine Complete HIV Kit, 100 Tests","HIV 1/2, Determine Complete HIV Kit",Determine,N/A,Test kit,100,1337,106960,80,0.8,,"Alere Medical Co., Ltd.",Yes,639,12022.17,expensive,149.96
40791,Vietnam,PMO - US,Direct Drop,EXW,Air,0,No,ARV,Adult,STRIDES ARCOLAB LIMITED,"Lamivudine 150mg, tablets, 60 Tabs",Lamivudine,Generic,150mg,Tablet,60,23355,54884.25,2.35,0.04,,"Strides, Bangalore, India.",Yes,1073,5221.88,expensive,90.56
78090,South Africa,PMO - US,Direct Drop,DDP,Ocean,0,No,ARV,Pediatric,Aurobindo Pharma Limited,"Efavirenz 50mg, capsule, 30 Caps",Efavirenz,Generic,50mg,Capsule,30,22920,54778.8,2.39,0.08,,"Aurobindo Unit III, India",Yes,1291,4429.37,reasonable,118.1
76559,Vietnam,PMO - US,Direct Drop,EXW,Air,0,No,ARV,Pediatric,MYLAN LABORATORIES LTD (FORMERLY MATRIX LABORATORIES),"Lamivudine/Zidovudine 30/60mg, tablets, 60 Tabs",Lamivudine/Zidovudine,Generic,30/60mg,Tablet - FDC,60,1966,4423.5,2.25,0.04,,Mylan (formerly Matrix) Nashik,Yes,91,1143.04,reasonable,6.2
1519,Vietnam,PMO - US,Direct Drop,FCA,Air,0,No,ARV,Adult,ABBVIE LOGISTICS (FORMERLY ABBOTT LOGISTICS BV),"Ritonavir 100mg [Norvir], capsules, cool, 4 x 84 Caps",Ritonavir,Norvir,100mg,Capsule,336,100,18333,183.33,0.55,,ABBVIE (Abbott) Logis. UK,Yes,337,2535.4,reasonable,29.33
39794,Zimbabwe,PMO - US,Direct Drop,EXW,Air,0,No,HRDT,HIV test - Ancillary,"Orgenics, Ltd","Chase Buffer, Determine, 100 Tests, 2.5ml x 1 Vial","Chase Buffer, Determine, 100 Tests, 2.5ml x 1 Vial",Determine,N/A,Test kit - Ancillary,1,2000,10000,5,5,,"Alere Medical Co., Ltd.",Yes,864,14314.83,expensive,12.37
35790,Uganda,PMO - US,Direct Drop,EXW,Air,0,No,ARV,Adult,CIPLA LIMITED,"Lamivudine/Nevirapine/Zidovudine 150/200/300mg, tablets, 60 Tabs",Lamivudine/Nevirapine/Zidovudine,Generic,150/300/200mg,Tablet - FDC,60,114996,931467.6,8.1,0.13,,"Cipla, Goa, India",Yes,15435,56180.34,expensive,1152.23
9673,Vietnam,PMO - US,Direct Drop,EXW,Air,0,No,ARV,Pediatric,Aurobindo Pharma Limited,"Zidovudine 100mg, capsules, 100 Caps",Zidovudine,Generic,100mg,Capsule,100,1400,7686,5.49,0.05,,"Aurobindo Unit III, India",Yes,106,2869.03,reasonable,12.3
55331,South Africa,PMO - US,Direct Drop,DDP,Air,1,Yes,ARV,Adult,Aurobindo Pharma Limited,"Efavirenz 600mg, tablets, 30 Tabs",Efavirenz,Generic,600mg,Tablet,30,53916,251787.72,4.67,0.16,,"Aurobindo Unit III, India",Yes,4561,6105.79,expensive,542.85
4611,Botswana,PMO - US,Direct Drop,EXW,Air,0,No,HRDT,HIV test,"Trinity Biotech, Plc","HIV 1/2, Uni-Gold HIV Kit, 20 Tests","HIV 1/2, Uni-Gold HIV Kit",Uni-Gold,N/A,Test kit,20,5,160,32,1.6,,"Trinity Biotech, Plc",Yes,3,1225.17,reasonable,0.26
30904,Vietnam,PMO - US,Direct Drop,EXW,Air,1,Yes,ARV,Adult,MYLAN LABORATORIES LTD (FORMERLY MATRIX LABORATORIES),"Efavirenz/Lamivudine/Tenofovir Disoproxil Fumarate 600/300/300mg, tablets, 30 Tabs",Efavirenz/Lamivudine/Tenofovir Disoproxil Fumarate,Generic,600/300/300mg,Tablet - FDC,30,22232,225654.8,10.15,0.34,,Mylan (formerly Matrix) Nashik,Yes,2510,4363.06,reasonable,231.97
30220,Haiti,PMO - US,Direct Drop,EXW,Air,0,No,ARV,Adult,HETERO LABS LIMITED,"Lamivudine 150mg, tablets, 60 Tabs",Lamivudine,Generic,150mg,Tablet,60,1440,2592,1.8,0.03,,Hetero Unit III Hyderabad IN,Yes,99,1497.53,reasonable,2.66
38273,South Africa,PMO - US,Direct Drop,DDP,Ocean,1,Yes,ARV,Adult,CIPLA LIMITED,"Nevirapine 200mg, tablets, 60 Tabs",Nevirapine,Generic,200mg,Tablet,60,96770,263214.4,2.72,0.05,,"Cipla, Goa, India",Yes,10536,4957.81,reasonable,434.3
1618,Mozambique,PMO - US,Direct Drop,EXW,Air,0,No,HRDT,HIV test,"Trinity Biotech, Plc","HIV 1/2, Uni-Gold HIV Kit, 20 Tests","HIV 1/2, Uni-Gold HIV Kit",Uni-Gold,N/A,Test kit,20,9000,288000,32,1.6,,"Trinity Biotech, Plc",Yes,9000,55746.59,expensive,460.8
55053,Guyana,PMO - US,Direct Drop,EXW,Air,0,No,ARV,Adult,Aurobindo Pharma Limited,"Stavudine 15mg, capsules, 60 Caps",Stavudine,Generic,15mg,Capsule,60,10,13,1.3,0.02,,"Aurobindo Unit III, India",Yes,1,618.89,reasonable,0.02
3378,Mozambique,PMO - US,Direct Drop,FCA,Air,0,No,HRDT,HIV test,Abbott GmbH & Co. KG,"HIV 1/2, Determine Complete HIV Kit, 100 Tests","HIV 1/2, Determine Complete HIV Kit",Determine,N/A,Test kit,100,1000,80000,80,0.8,,ABBVIE GmbH & Co.KG Wiesbaden,Yes,337,3499.18,reasonable,156.8
62319,Uganda,PMO - US,Direct Drop,FCA,Air,0,No,ARV,Adult,ABBVIE LOGISTICS (FORMERLY ABBOTT LOGISTICS BV),"Lopinavir/Ritonavir 200/50mg [Aluvia], tablets, 120 Tabs",Lopinavir/Ritonavir,Aluvia,200/50mg,Tablet,120,480,17356.8,36.16,0.3,,ABBVIE Ludwigshafen Germany,Yes,127,1400.91,reasonable,37.42
66431,Uganda,PMO - US,Direct Drop,FCA,Air,0,No,ARV,Adult,Hoffmann-La Roche ltd Basel,"Saquinavir 500mg [Invirase], tablets, 120 Tabs",Saquinavir,Invirase,500mg,Tablet,120,161,16125.1,100.16,0.83,,Roche Basel,Yes,30,1072.35,reasonable,34.77
46209,Rwanda,PMO - US,Direct Drop,EXW,Air,0,No,HRDT,HIV test,"Orgenics, Ltd","HIV 1/2, Determine HIV Kit, without Lancets, 100 Tests","HIV 1/2, Determine HIV Kit, without Lancets",Determine,N/A,Test kit,100,5084,355880,70,0.7,,Inverness Japan,Yes,1153,46638.41,expensive,697.52
72426,"Congo, DRC",PMO - US,Direct Drop,EXW,Air,0,No,ANTM,Malaria,IMRES B.V.,"Sulfadoxine/Pyrimethamine 500/25mg, tablets, 1000 Tabs",Sulfadoxine/Pyrimethamine,Generic,500/25mg,Tablet - FDC,1000,720,16164,22.45,0.02,,"Guilin OSD site, No 17, China",Yes,578,3089.83,reasonable,19.99
34837,Ethiopia,PMO - US,Direct Drop,EXW,Air,0,No,HRDT,HIV test,"SHANGHAI KEHUA BIOENGINEERING CO.,LTD.  (KHB)","HIV 1/2, SKB Colloidal Gold, Diagnostic Kit, Antibody, 50 Tests","HIV 1/2, Colloidal Gold, Diagnostic Kit, Antibody",Colloidal Gold,N/A,Test kit,1,1362,33369,24.5,24.5,,"KHB Test Kit Facility, Shanghai China",Yes,970,8851.4,expensive,46.78
6745,Guyana,PMO - US,Direct Drop,EXW,Air,1,Yes,HRDT,HIV test,"Orgenics, Ltd","HIV 1/2, Determine HIV Kit, without Lancets, 100 Tests","HIV 1/2, Determine HIV Kit, without Lancets",Determine,N/A,Test kit,100,442,31819.58,71.99,0.72,,Inverness Japan,Yes,100,1928.93,reasonable,50.91
116,Vietnam,PMO - US,Direct Drop,FCA,Air,0,No,ARV,Adult,ABBVIE LOGISTICS (FORMERLY ABBOTT LOGISTICS BV),"Lopinavir/Ritonavir 200/50mg [Aluvia], tablets, 120 Tabs",Lopinavir/Ritonavir,Aluvia,200/50mg,Tablet,120,500,41095,82.19,0.68,,ABBVIE Ludwigshafen Germany,Yes,117,1767.38,reasonable,65.75
73018,South Africa,PMO - US,Direct Drop,DDP,Ocean,0,No,ARV,Adult,Aurobindo Pharma Limited,"Efavirenz 600mg, tablets, 30 Tabs",Efavirenz,Generic,600mg,Tablet,30,118537,534601.87,4.51,0.15,,"Aurobindo Unit III, India",Yes,10373,630.5,reasonable,1152.6
76938,South Africa,PMO - US,Direct Drop,DDP,Ocean,1,Yes,ARV,Adult,Aurobindo Pharma Limited,"Tenofovir Disoproxil Fumarate 300mg, tablets, 30 Tabs",Tenofovir Disoproxil Fumarate,Generic,300mg,Tablet,30,58143,386650.95,6.65,0.22,,"Aurobindo Unit III, India",Yes,5427,7905.96,expensive,833.62
15596,Zimbabwe,PMO - US,Direct Drop,EXW,Air,0,No,HRDT,HIV test,"Orgenics, Ltd","HIV 1/2, Determine Complete HIV Kit, 100 Tests","HIV 1/2, Determine Complete HIV Kit",Determine,N/A,Test kit,100,2342,187360,80,0.8,,Inverness Japan,Yes,1113,20082.38,expensive,309.14
61864,Cote d'Ivoire,PMO - US,Direct Drop,EXW,Air,0,No,HRDT,HIV test,"Standard Diagnostics, Inc.","HIV 1/2, Bioline 3.0 Kit, (no accessories), 30 Tests","HIV 1/2, Bioline 3.0 Kit (no accessories)",Bioline,N/A,Test kit,30,900,21600,24,0.8,,"Standard Diagnostics, Korea",Yes,300,3489.46,reasonable,46.57
4373,Vietnam,PMO - US,Direct Drop,FCA,Air,0,No,ARV,Adult,ABBVIE LOGISTICS (FORMERLY ABBOTT LOGISTICS BV),"Lopinavir/Ritonavir 200/50mg [Aluvia], tablets, 120 Tabs",Lopinavir/Ritonavir,Aluvia,200/50mg,Tablet,120,800,65760,82.2,0.68,,ABBVIE Ludwigshafen Germany,Yes,208,3449.4,reasonable,105.22
32372,Uganda,PMO - US,Direct Drop,FCA,Air,0,No,ARV,Pediatric,ABBVIE LOGISTICS (FORMERLY ABBOTT LOGISTICS BV),"Lopinavir/Ritonavir 100/25mg [Aluvia], tablets, 60 Tabs",Lopinavir/Ritonavir,Generic,100/25mg,Tablet,60,6390,37956.6,5.94,0.1,,ABBVIE Ludwigshafen Germany,Yes,733,6255.87,expensive,46.95
64824,Nigeria,PMO - US,Direct Drop,EXW,Air,0,No,ARV,Adult,EMCURE PHARMACEUTICALS LTD,"Atazanavir/Ritonavir 300/100mg, tablets, 30 Tabs",Atazanavir/Ritonavir,Generic,300/100mg,Tablet,30,10717,192906,18,0.6,,"Emcure Plot No.P-2, I.T-B.T. Park, Phase II, MIDC, Hinjwadi, Pune, India",Yes,1400,11732.9,expensive,198.31
74786,Cote d'Ivoire,PMO - US,Direct Drop,EXW,Air,0,No,HRDT,HIV test,"Orgenics, Ltd","HIV 1/2, Determine Complete HIV Kit, 100 Tests","HIV 1/2, Determine Complete HIV Kit",Determine,N/A,Test kit,100,2070,165600,80,0.8,,"Alere Medical Co., Ltd.",Yes,988,19368.23,expensive,232.17
56734,South Africa,PMO - US,Direct Drop,DDP,Ocean,0,No,ARV,Adult,Aurobindo Pharma Limited,"Abacavir 300mg, tablets, 60 Tabs",Abacavir,Generic,300mg,Tablet,60,23845,356005.85,14.93,0.25,,"Aurobindo Unit III, India",Yes,2283,3649.67,reasonable,587.41
52799,Dominican Republic,PMO - US,Direct Drop,EXW,Air,0,No,HRDT,HIV test,"Orgenics, Ltd","HIV 1/2, Determine Complete HIV Kit, 100 Tests","HIV 1/2, Determine Complete HIV Kit",Determine,N/A,Test kit,100,1000,92000,92,0.92,,Inverness Japan,Yes,399,8776.57,expensive,151.8
63297,Haiti,PMO - US,Direct Drop,EXW,Ocean,0,No,ARV,Adult,HETERO LABS LIMITED,"Efavirenz/Lamivudine/Tenofovir Disoproxil Fumarate 600/300/300mg, tablets, 30 Tabs",Efavirenz/Lamivudine/Tenofovir Disoproxil Fumarate,Generic,600/300/300mg,Tablet - FDC,30,56500,579125,10.25,0.34,,Hetero Unit III Hyderabad IN,Yes,7324,10500.29,expensive,595.34
16071,Nigeria,PMO - US,Direct Drop,EXW,Air,1,Yes,HRDT,HIV test,"Orgenics, Ltd","HIV 1/2, Determine Complete HIV Kit, 100 Tests","HIV 1/2, Determine Complete HIV Kit",Determine,N/A,Test kit,100,1859,165451,89,0.89,,"Alere Medical Co., Ltd.",Yes,840,,,231.96
64003,Cote d'Ivoire,PMO - US,Direct Drop,EXW,Air,0,No,HRDT,HIV test,"Standard Diagnostics, Inc.","HIV 1/2, Bioline 3.0 Kit, (no accessories), 30 Tests","HIV 1/2, Bioline 3.0 Kit (no accessories)",Bioline,N/A,Test kit,30,1800,43200,24,0.8,,"Standard Diagnostics, Korea",Yes,560,5180.34,expensive,84.67
38294,Haiti,PMO - US,Direct Drop,EXW,Ocean,0,No,ARV,Adult,CIPLA LIMITED,"Lamivudine/Tenofovir Disoproxil Fumarate 300/300mg, tablets, 30 Tabs",Lamivudine/Tenofovir Disoproxil Fumarate,Generic,300/300mg,Tablet - FDC,30,4176,19209.6,4.6,0.15,,"Cipla, Kurkumbh, India",Yes,426,2251.94,reasonable,23.76
23194,Haiti,PMO - US,Direct Drop,FCA,Air,0,No,ARV,Pediatric,BRISTOL-MYERS SQUIBB,"Didanosine 25mg [Videx], chewable tablets, 60 Tabs",Didanosine,Videx,25mg,Chewable/dispersible tablet,60,160,1120,7,0.12,,"BMS Meymac, France",Yes,43,1082.89,reasonable,1.85
63817,Haiti,PMO - US,Direct Drop,EXW,Ocean,0,No,ARV,Adult,MYLAN LABORATORIES LTD (FORMERLY MATRIX LABORATORIES),"Efavirenz/Lamivudine/Tenofovir Disoproxil Fumarate 600/300/300mg, tablets, 30 Tabs",Efavirenz/Lamivudine/Tenofovir Disoproxil Fumarate,Generic,600/300/300mg,Tablet - FDC,30,47970,676377,14.1,0.47,,Mylan (formerly Matrix) Nashik,Yes,5438,23708.81,expensive,948.28
54986,Nigeria,PMO - US,Direct Drop,EXW,Air,0,No,HRDT,HIV test,"CHEMBIO DIAGNOSTIC SYSTEMS, INC.","HIV 1/2, Stat-Pak HIV, Kit, 20 Tests","HIV 1/2, Stat-Pak HIV, Kit",Stat-Pak,N/A,Test kit,20,1301,37729,29,1.45,,Chembio Diagnostics Sys. Inc.,Yes,376,2162.26,reasonable,62.25
23105,Vietnam,PMO - US,Direct Drop,FCA,Air,0,No,ARV,Adult,ABBVIE LOGISTICS (FORMERLY ABBOTT LOGISTICS BV),"Ritonavir 100mg [Norvir], capsules, cool, 4 x 84 Caps",Ritonavir,Norvir,100mg,Capsule,336,14,2891.14,206.51,0.61,,ABBVIE (Abbott) Logis. UK,Yes,52,7339.84,expensive,4.77
57733,Haiti,PMO - US,Direct Drop,EXW,Air,0,No,ARV,Adult,HETERO LABS LIMITED,"Lamivudine/Stavudine 150/30mg, tablets, 60 Tabs",Lamivudine/Stavudine,Generic,150/30mg,Tablet - FDC,60,336,836.64,2.49,0.04,,Hetero Unit III Hyderabad IN,Yes,37,1845.9,reasonable,1.03
74683,Tanzania,PMO - US,Direct Drop,EXW,Air,0,No,HRDT,HIV test,"Orgenics, Ltd","HIV 1/2, Determine Complete HIV Kit, 100 Tests","HIV 1/2, Determine Complete HIV Kit",Determine,N/A,Test kit,100,86,6880,80,0.8,,Inverness Japan,Yes,40,1765.86,reasonable,11.35
55783,Rwanda,PMO - US,Direct Drop,CIP,Air,0,No,ARV,Adult,Aurobindo Pharma Limited,"Abacavir 300mg, tablets, 60 Tabs",Abacavir,Generic,300mg,Tablet,60,9270,179189.1,19.33,0.32,,"Aurobindo Unit III, India",Yes,1010,16847.52,expensive,351.21
76619,Namibia,PMO - US,Direct Drop,EXW,Air,0,No,HRDT,HIV test,"Orgenics, Ltd","HIV 1/2, Determine HIV Kit, without Lancets, 100 Tests","HIV 1/2, Determine HIV Kit, without Lancets",Determine,N/A,Test kit,100,500,35000,70,0.7,,Inverness Japan,Yes,115,1498.16,reasonable,75.46
5428,Cote d'Ivoire,PMO - US,Direct Drop,EXW,Air,0,No,HRDT,HIV test,"Standard Diagnostics, Inc.","HIV 1/2, Bioline 3.0 Kit, (no accessories), 30 Tests","HIV 1/2, Bioline 3.0 Kit (no accessories)",Bioline,N/A,Test kit,30,2000,47000,23.5,0.78,,"Standard Diagnostics, Korea",Yes,750,7961.7,expensive,75.2
37324,Uganda,PMO - US,Direct Drop,EXW,Air,0,No,ARV,Adult,MYLAN LABORATORIES LTD (FORMERLY MATRIX LABORATORIES),"Efavirenz/Lamivudine/Tenofovir Disoproxil Fumarate 600/300/300mg, tablets, 30 Tabs",Efavirenz/Lamivudine/Tenofovir Disoproxil Fumarate,Generic,600/300/300mg,Tablet - FDC,30,205042,2458453.58,11.99,0.4,,Mylan (formerly Matrix) Nashik,Yes,24556,146850.66,expensive,3446.75
13275,Vietnam,PMO - US,Direct Drop,EXW,Air,0,No,ARV,Adult,HETERO LABS LIMITED,"Efavirenz/Lamivudine/Tenofovir Disoproxil Fumarate 600/300/300mg, tablets, 30 Tabs",Efavirenz/Lamivudine/Tenofovir Disoproxil Fumarate,Generic,600/300/300mg,Tablet - FDC,30,17760,177600,10,0.33,,Hetero Unit III Hyderabad IN,Yes,2516,3816.3,reasonable,209.04
49063,Nigeria,PMO - US,Direct Drop,EXW,Air,0,No,HRDT,HIV test,"Orgenics, Ltd","HIV 1/2, Determine Complete HIV Kit, 100 Tests","HIV 1/2, Determine Complete HIV Kit",Determine,N/A,Test kit,100,3073,273497,89,0.89,,"Alere Medical Co., Ltd.",Yes,1248,20602.3,expensive,338.32
54984,Tanzania,PMO - US,Direct Drop,FCA,Air,0,No,ARV,Pediatric,ABBVIE LOGISTICS (FORMERLY ABBOTT LOGISTICS BV),"Lopinavir/Ritonavir 100/25mg [Aluvia], tablets, 60 Tabs",Lopinavir/Ritonavir,Generic,100/25mg,Tablet,60,2736,16251.84,5.94,0.1,,ABBVIE Ludwigshafen Germany,Yes,328,3940.54,reasonable,20.1
68186,Tanzania,PMO - US,Direct Drop,EXW,Air,0,No,ARV,Pediatric,Aurobindo Pharma Limited,"Efavirenz 50mg, capsule, 30 Caps",Efavirenz,Generic,50mg,Capsule,30,3550,5538,1.56,0.05,,"Aurobindo Unit III, India",Yes,255,2454.46,reasonable,6.85
71388,South Africa,PMO - US,Direct Drop,DDP,Ocean,1,Yes,ARV,Adult,Aurobindo Pharma Limited,"Tenofovir Disoproxil Fumarate 300mg, tablets, 30 Tabs",Tenofovir Disoproxil Fumarate,Generic,300mg,Tablet,30,100,665,6.65,0.22,,"Aurobindo Unit III, India",Yes,11,8809.05,expensive,1.1
35493,Zambia,PMO - US,Direct Drop,EXW,Air,0,No,ARV,Adult,Aurobindo Pharma Limited,"Emtricitabine/Tenofovir Disoproxil Fumarate 200/300mg, tablets, 30 Tabs",Emtricitabine/Tenofovir Disoproxil Fumarate,Generic,200/300mg,Tablet - FDC,30,79620,469758,5.9,0.2,,"Aurobindo Unit III, India",Yes,7133,40583.63,expensive,581.09
62942,Mozambique,PMO - US,Direct Drop,FCA,Air,0,No,ARV,Adult,Hoffmann-La Roche ltd Basel,"Saquinavir 200mg [Invirase], capsules, 270 Caps",Saquinavir,Invirase,200mg,Capsule,270,392,37017.53,94.43,0.35,,Roche Basel,Yes,202,2191.21,reasonable,72.55
1644,Cote d'Ivoire,PMO - US,Direct Drop,EXW,Air,0,No,HRDT,HIV test,"Orgenics, Ltd","HIV 1/2, Determine HIV Kit, without Lancets, 100 Tests","HIV 1/2, Determine HIV Kit, without Lancets",Determine,N/A,Test kit,100,1116,78120,70,0.7,,Inverness Japan,Yes,255,5175.72,expensive,124.99
16707,Kenya,PMO - US,Direct Drop,EXW,Air,0,No,HRDT,HIV test,"Orgenics, Ltd","HIV 1/2, Determine Complete HIV Kit, 100 Tests","HIV 1/2, Determine Complete HIV Kit",Determine,N/A,Test kit,100,8442,675360,80,0.8,,Inverness Japan,Yes,1454,13343.23,expensive,1456.08
2892,Uganda,PMO - US,Direct Drop,CIP,Air,0,No,ARV,Adult,BRISTOL-MYERS SQUIBB,"Didanosine EC 400mg [Videx EC], delayed-release capsules, Blister 3 x 10 Caps",Didanosine EC,Videx EC,400mg,Delayed-release capsules - blister,30,140,3313.8,23.67,0.79,,"BMS Meymac, France",Yes,6,,,5.3
67142,Cote d'Ivoire,PMO - US,Direct Drop,FCA,Air,0,No,ARV,Adult,ABBVIE LOGISTICS (FORMERLY ABBOTT LOGISTICS BV),"Lopinavir/Ritonavir 200/50mg [Aluvia], tablets, 120 Tabs",Lopinavir/Ritonavir,Aluvia,200/50mg,Tablet,120,10280,371724.8,36.16,0.3,,ABBVIE Ludwigshafen Germany,Yes,2573,13562.35,expensive,613.35
24530,Kenya,PMO - US,Direct Drop,EXW,Air,0,No,HRDT,HIV test,"Trinity Biotech, Plc","HIV 1/2, Uni-Gold HIV Kit, 20 Tests","HIV 1/2, Uni-Gold HIV Kit",Uni-Gold,N/A,Test kit,20,1500,48000,32,1.6,,"Trinity Biotech, Plc",Yes,499,4976.33,reasonable,79.2
58372,Cote d'Ivoire,PMO - US,Direct Drop,EXW,Air,0,No,ARV,Pediatric,Aurobindo Pharma Limited,"Nevirapine 50mg, dispersible tablets (tablets for oral suspension), 30 Tabs",Nevirapine,Generic,50mg,Chewable/dispersible tablet,30,7000,8750,1.25,0.04,,"Aurobindo Unit III, India",Yes,482,5678.33,expensive,10.82
41062,"Congo, DRC",PMO - US,Direct Drop,FCA,Air,0,No,ARV,Pediatric,ABBVIE LOGISTICS (FORMERLY ABBOTT LOGISTICS BV),"Lopinavir/Ritonavir 100/25mg [Aluvia], tablets, 60 Tabs",Lopinavir/Ritonavir,Generic,100/25mg,Tablet,60,304,1805.76,5.94,0.1,,ABBVIE Ludwigshafen Germany,Yes,43,453.31,reasonable,2.23
65132,Botswana,PMO - US,Direct Drop,EXW,Air,0,No,HRDT,HIV test,Orasure Technologies Inc.,"HIV 1/2, OraQuick Advance HIV Rapid Antibody Kit, 100 Tests","HIV 1/2, OraQuick Advance HIV Rapid Antibody Kit",OraQuick,N/A,Test kit,100,20,7000,350,3.5,,"Pacific Biotech, Thailand",Yes,48,1681.44,reasonable,13.72
30475,Botswana,PMO - US,Direct Drop,EXW,Air,0,No,HRDT,HIV test,"Orgenics, Ltd","HIV 1/2, Determine Complete HIV Kit, 100 Tests","HIV 1/2, Determine Complete HIV Kit",Determine,N/A,Test kit,100,10,800,80,0.8,,Inverness Japan,Yes,5,760.22,reasonable,1.72
72158,Tanzania,PMO - US,Direct Drop,FCA,Air,0,No,ARV,Adult,ABBVIE LOGISTICS (FORMERLY ABBOTT LOGISTICS BV),"Lopinavir/Ritonavir 200/50mg [Aluvia], tablets, 120 Tabs",Lopinavir/Ritonavir,Aluvia,200/50mg,Tablet,120,7145,258363.2,36.16,0.3,,ABBVIE Ludwigshafen Germany,Yes,1604,9915.56,expensive,557.03
15195,Guyana,PMO - US,Direct Drop,DDU,Air,0,No,ARV,Pediatric,IDIS LIMITED,"Didanosine 25mg [Videx], chewable tablets, 60 Tabs",Didanosine,Videx,25mg,Chewable/dispersible tablet,60,270,12501,46.3,0.77,,"BMS Meymac, France",Yes,59,180,reasonable,26.95
23756,Namibia,PMO - US,Direct Drop,EXW,Air,0,No,ARV,Adult,HETERO LABS LIMITED,"Lamivudine/Nevirapine/Zidovudine 150/200/300mg, tablets, 60 Tabs",Lamivudine/Nevirapine/Zidovudine,Generic,150/300/200mg,Tablet - FDC,60,33516,277847.64,8.29,0.14,,"Hetero, Jadcherla, unit 5, IN",Yes,4237,6786.64,expensive,285.63
1281,Nigeria,PMO - US,Direct Drop,EXW,Air,0,No,ARV,Adult,Aurobindo Pharma Limited,"Lamivudine 150mg, tablets, 60 Tabs",Lamivudine,Generic,150mg,Tablet,60,894,2994.9,3.35,0.06,,"Aurobindo Unit III, India",Yes,479,4861.14,reasonable,
36710,Malawi,PMO - US,Direct Drop,EXW,Air,0,No,HRDT,HIV test,"Trinity Biotech, Plc","HIV 1/2, Uni-Gold HIV Kit, 20 Tests","HIV 1/2, Uni-Gold HIV Kit",Uni-Gold,N/A,Test kit,20,94,3008,32,1.6,,"Trinity Biotech, Plc",Yes,32,1136.31,reasonable,3.72
34564,Burundi,PMO - US,Direct Drop,EXW,Air,0,No,HRDT,HIV test,"Orgenics, Ltd","HIV 1/2, Determine Complete HIV Kit, 100 Tests","HIV 1/2, Determine Complete HIV Kit",Determine,N/A,Test kit,100,1586,126880,80,0.8,,"Alere Medical Co., Ltd.",Yes,972,14419.91,expensive,149.34
19940,Vietnam,PMO - US,Direct Drop,EXW,Air,0,No,ARV,Adult,MYLAN LABORATORIES LTD (FORMERLY MATRIX LABORATORIES),"Lamivudine/Zidovudine 150/300mg, tablets, 60 Tabs",Lamivudine/Zidovudine,Generic,150/300mg,Tablet - FDC,60,20000,129800,6.49,0.11,,Mylan (formerly Matrix) Nashik,Yes,1725,3273.14,reasonable,133.43
38183,Cote d'Ivoire,PMO - US,Direct Drop,EXW,Air,0,No,HRDT,HIV test,"Standard Diagnostics, Inc.","HIV 1/2, Bioline 3.0 Kit, Lancets, Capillary pipets, Alcohol swabs included, 25 Tests","HIV 1/2, Bioline 3.0 Kit, Lancets, Capillary pipets, Alcohol swabs included",Bioline,N/A,Test kit,25,2400,49200,20.5,0.82,,"Standard Diagnostics, Korea",Yes,831,9254.06,expensive,60.86
17124,Cote d'Ivoire,PMO - US,Direct Drop,FCA,Air,0,No,ARV,Adult,Hoffmann-La Roche ltd Basel,"Saquinavir 500mg [Invirase], tablets, 120 Tabs",Saquinavir,Invirase,500mg,Tablet,120,1500,149780.99,99.85,0.83,,Roche Basel,Yes,271,2527.94,reasonable,322.93
64995,Nigeria,PMO - US,Direct Drop,EXW,Air,0,No,HRDT,HIV test,"Orgenics, Ltd","HIV 1/2, Determine Complete HIV Kit, 100 Tests","HIV 1/2, Determine Complete HIV Kit",Determine,N/A,Test kit,100,9330,830370,89,0.89,,"Alere Medical Co., Ltd.",Yes,3787,61637.1,expensive,1027.17
37089,Haiti,PMO - US,Direct Drop,EXW,Air,0,No,ANTM,Malaria,THE MEDICAL EXPORT GROUP BV,"Chloroquine 150mg base (as phosphate), tablets, 1000 Tabs",Chloroquine base (as phosphate),Generic,150mg,Tablet,1000,11000,100540,9.14,0.01,,"Micro Labs, Hosur, India",Yes,5051,37744.27,expensive,140.96
73335,Nigeria,PMO - US,Direct Drop,EXW,Air,0,No,HRDT,HIV test,"Trinity Biotech, Plc","HIV 1/2, Uni-Gold HIV Kit, 20 Tests","HIV 1/2, Uni-Gold HIV Kit",Uni-Gold,N/A,Test kit,20,6704,214528,32,1.6,,"Trinity Biotech, Plc",Yes,2134,13771.63,expensive,252.5
50309,Uganda,PMO - US,Direct Drop,EXW,Air,0,No,ARV,Pediatric,MICRO LABS LIMITED,"Efavirenz 50mg, capsule, 30 Caps",Efavirenz,Generic,50mg,Capsule,30,168,336,2,0.07,,"Micro labs, Verna, Goa, India",Yes,8,1021.34,reasonable,0.42
20219,Vietnam,PMO - US,Direct Drop,EXW,Air,0,No,ARV,Adult,HETERO LABS LIMITED,"Lamivudine/Zidovudine 150/300mg, tablets, 60 Tabs",Lamivudine/Zidovudine,Generic,150/300mg,Tablet - FDC,60,10158,71918.64,7.08,0.12,,Hetero Unit III Hyderabad IN,Yes,941,1934.17,reasonable,100.83
53371,Zambia,PMO - US,Direct Drop,EXW,Air,0,No,HRDT,HIV test,"Trinity Biotech, Plc","HIV 1/2, Uni-Gold HIV Kit, 20 Tests","HIV 1/2, Uni-Gold HIV Kit",Uni-Gold,N/A,Test kit,20,7280,232960,32,1.6,,"Trinity Biotech, Plc",Yes,2391,25818.23,expensive,384.38
30942,South Africa,PMO - US,Direct Drop,DDP,Air,0,No,ARV,Pediatric,Aurobindo Pharma Limited,"Nevirapine 10mg/ml, oral suspension w/syringe, Bottle, 240 ml",Nevirapine,Generic,10mg/ml,Oral suspension,240,9630,30334.5,3.15,0.01,,"Aurobindo Unit III, India",Yes,3732,4876.34,reasonable,65.4
55049,Uganda,PMO - US,Direct Drop,EXW,Air,0,No,ARV,Adult,Aurobindo Pharma Limited,"Efavirenz 600mg, tablets, 30 Tabs",Efavirenz,Generic,600mg,Tablet,30,54383,184902.2,3.4,0.11,,"Aurobindo Unit III, India",Yes,4668,20869.6,expensive,259.23
43383,Uganda,PMO - US,Direct Drop,EXW,Air,0,No,ARV,Adult,Aurobindo Pharma Limited,"Didanosine 250mg, delayed-release capsules, 30 Caps",Didanosine,Generic,250mg,Delayed-release capsules,30,60,780,13,0.43,,"Aurobindo Unit III, India",Yes,4,1045.04,reasonable,1.68
74343,Ethiopia,PMO - US,Direct Drop,EXW,Air,0,No,HRDT,HIV test,"Trinity Biotech, Plc","HIV 1/2, Uni-Gold HIV Kit, 20 Tests","HIV 1/2, Uni-Gold HIV Kit",Uni-Gold,N/A,Test kit,20,540,17280,32,1.6,,"Trinity Biotech, Plc",Yes,165,1442.44,reasonable,17.76
37925,South Africa,PMO - US,Direct Drop,DDP,Air,0,No,ARV,Adult,Aurobindo Pharma Limited,"Efavirenz 600mg, tablets, 30 Tabs",Efavirenz,Generic,600mg,Tablet,30,25190,117637.3,4.67,0.16,,"Aurobindo Unit III, India",Yes,2131,5886.9,expensive,253.63
41892,Vietnam,PMO - US,Direct Drop,EXW,Air,0,No,ARV,Adult,HETERO LABS LIMITED,"Zidovudine 300mg, tablets, 60 Tabs",Zidovudine,Generic,300mg,Tablet,60,497,2857.75,5.75,0.1,,Hetero Unit III Hyderabad IN,Yes,117,658.27,reasonable,3.54
14018,Haiti,PMO - US,Direct Drop,EXW,Air,0,No,ARV,Adult,HETERO LABS LIMITED,"Lamivudine/Zidovudine 150/300mg, tablets, 60 Tabs",Lamivudine/Zidovudine,Generic,150/300mg,Tablet - FDC,60,50544,334095.84,6.61,0.11,,"Hetero, Jadcherla, unit 5, IN",Yes,4669,34778.32,expensive,343.45
42757,Cote d'Ivoire,PMO - US,Direct Drop,FCA,Air,0,No,ARV,Adult,ABBVIE LOGISTICS (FORMERLY ABBOTT LOGISTICS BV),"Ritonavir 100mg [Norvir], film coated tablets, 60 Tabs",Ritonavir,Norvir,100mg,Tablet,60,4014,27495.9,6.85,0.11,,ABBVIE Ludwigshafen Germany,Yes,507,4520.66,reasonable,59.28
63296,Botswana,PMO - US,Direct Drop,EXW,Air,0,No,HRDT,HIV test - Ancillary,"Trinity Biotech, Plc","#109436**HIV 1, Uni-Gold Recombigen HIV Control, Vial 2 x 0.5 ml","HIV 1, Uni-Gold Recombigen HIV Control, Vial 2 x 0.5 ml",Uni-Gold,N/A,Test kit - Ancillary,2,15,465,31,15.5,,"Trinity Biotech, Plc",Yes,1,650.97,reasonable,1
63355,Ghana,PMO - US,Direct Drop,EXW,Air,0,No,ARV,Adult,Aurobindo Pharma Limited,"Lopinavir/Ritonavir 200/50mg, tablets, 120 Tabs",Lopinavir/Ritonavir,Generic,200/50mg,Tablet,120,3393,73967.4,21.8,0.18,,"Aurobindo Unit III, India",Yes,901,7326.63,expensive,76.04
7984,Haiti,PMO - US,Direct Drop,EXW,Air,0,No,HRDT,HIV test,"Trinity Biotech, Plc","HIV 1/2, Capillus HIV Kit, 100 Tests","HIV 1/2, Capillus HIV Kit",Capillus,N/A,Test kit,100,60,10500,175,1.75,,Not Applicable,Yes,40,749.96,reasonable,
16794,Rwanda,PMO - US,Direct Drop,EXW,Air,0,No,ARV,Pediatric,Aurobindo Pharma Limited,"Nevirapine 10mg/ml, oral suspension w/syringe, Bottle, 240 ml",Nevirapine,Generic,10mg/ml,Oral suspension,240,9690,14631.9,1.51,0.01,,"Aurobindo Unit III, India",Yes,3790,66260.33,expensive,15.04
8648,Nigeria,PMO - US,Direct Drop,EXW,Air,0,No,HRDT,HIV test,"CHEMBIO DIAGNOSTIC SYSTEMS, INC.","HIV 1/2, Stat-Pak HIV, Kit, 20 Tests","HIV 1/2, Stat-Pak HIV, Kit",Stat-Pak,N/A,Test kit,20,10594,286038,27,1.35,,Chembio Diagnostics Sys. Inc.,Yes,3039,24025.77,expensive,560.63
5249,Vietnam,PMO - US,Direct Drop,CIP,Air,0,No,ARV,Adult,ABBVIE LOGISTICS (FORMERLY ABBOTT LOGISTICS BV),"Lopinavir/Ritonavir 133.3/33.3mg [Kaletra], capsules, cool, 2 x 90 Caps",Lopinavir/Ritonavir,Kaletra,133.3/33.3mg,Capsule,180,198,35802.36,180.82,1,,ABBVIE (Abbott) St. P'burg USA,Yes,389,7286.16,expensive,
22196,Vietnam,PMO - US,Direct Drop,EXW,Air,0,No,ARV,Adult,MICRO LABS LIMITED,"Efavirenz 600mg, tablets, 30 Tabs",Efavirenz,Generic,600mg,Tablet,30,21000,62580,2.98,0.1,,"Micro labs, Verna, Goa, India",Yes,3244,6195.84,expensive,64.33
25293,Rwanda,PMO - US,Direct Drop,CIP,Air,0,No,ARV,Adult,MYLAN LABORATORIES LTD (FORMERLY MATRIX LABORATORIES),"Lamivudine/Zidovudine 150/300mg, tablets, 60 Tabs",Lamivudine/Zidovudine,Generic,150/300mg,Tablet - FDC,60,34464,310176,9,0.15,,Mylan (formerly Matrix) Nashik,Yes,2768,29603.24,expensive,607.94
19250,Cote d'Ivoire,PMO - US,Direct Drop,CIP,Air,0,No,ARV,Pediatric,BRISTOL-MYERS SQUIBB,"Didanosine 50mg [Videx], chewable tablets, 60 Tabs",Didanosine,Videx,50mg,Chewable/dispersible tablet,60,4245,40327.5,9.5,0.16,,"BMS Meymac, France",Yes,833,1134.5,reasonable,86.95
81888,Nigeria,PMO - US,Direct Drop,EXW,Air,0,No,HRDT,HIV test,"Orgenics, Ltd","HIV 1/2, Determine Complete HIV Kit, 100 Tests","HIV 1/2, Determine Complete HIV Kit",Determine,N/A,Test kit,100,9363,833307,89,0.89,,"Alere Medical Co., Ltd.",Yes,3800,58592.54,expensive,1030.8
77952,Rwanda,PMO - US,Direct Drop,EXW,Air,0,No,HRDT,HIV test,"SHANGHAI KEHUA BIOENGINEERING CO.,LTD.  (KHB)","HIV 1/2, SKB Colloidal Gold, Diagnostic Kit, Antibody, 50 Tests","HIV 1/2, Colloidal Gold, Diagnostic Kit, Antibody",Colloidal Gold,N/A,Test kit,1,5994,146853,24.5,24.5,,"KHB Test Kit Facility, Shanghai China",Yes,3996,53102.22,expensive,150.96
1628,Zambia,PMO - US,Direct Drop,EXW,Air,0,No,HRDT,HIV test,"Trinity Biotech, Plc","HIV 1/2, Uni-Gold HIV Kit, 20 Tests","HIV 1/2, Uni-Gold HIV Kit",Uni-Gold,N/A,Test kit,20,6040,193280,32,1.6,,"Trinity Biotech, Plc",Yes,2052,24689,expensive,309.25
2503,Kenya,PMO - US,Direct Drop,EXW,Air,0,No,HRDT,HIV test,"Trinity Biotech, Plc","HIV 1/2, Uni-Gold HIV Kit, 20 Tests","HIV 1/2, Uni-Gold HIV Kit",Uni-Gold,N/A,Test kit,20,4995,159840,32,1.6,,"Trinity Biotech, Plc",Yes,4995,275,reasonable,313.29
46170,South Africa,PMO - US,Direct Drop,DDP,Ocean,0,No,ARV,Adult,Aurobindo Pharma Limited,"Lamivudine/Zidovudine 150/300mg, tablets, 60 Tabs",Lamivudine/Zidovudine,Generic,150/300mg,Tablet - FDC,60,19836,167019.12,8.42,0.14,,"Aurobindo Unit III, India",Yes,1820,698,reasonable,275.58
16805,Uganda,PMO - US,Direct Drop,EXW,Air,0,No,HRDT,HIV test,"CHEMBIO DIAGNOSTIC SYSTEMS, INC.","HIV 1/2, Stat-Pak Dipstick Assay Kit, 30 Tests","HIV 1/2, Stat-Pak Dipstick Assay Kit",Stat-Pak,N/A,Test kit,30,1458,40240.8,27.6,0.92,,Chembio Diagnostics Sys. Inc.,Yes,158,3824.96,reasonable,49.78
44816,Nigeria,PMO - US,Direct Drop,EXW,Air,0,No,HRDT,HIV test,"Orgenics, Ltd","HIV 1/2, Determine Complete HIV Kit, 100 Tests","HIV 1/2, Determine Complete HIV Kit",Determine,N/A,Test kit,100,6158,548062,89,0.89,,"Alere Medical Co., Ltd.",Yes,2493,31090.27,expensive,563.41
7469,Ethiopia,PMO - US,Direct Drop,EXW,Air,0,No,HRDT,HIV test,"SHANGHAI KEHUA BIOENGINEERING CO.,LTD.  (KHB)","HIV 1/2, SKB Colloidal Gold, Diagnostic Kit, Antibody, 50 Tests","HIV 1/2, Colloidal Gold, Diagnostic Kit, Antibody",Colloidal Gold,N/A,Test kit,1,3510,80730,23,23,,"KHB Test Kit Facility, Shanghai China",Yes,2535,23035.69,expensive,158.23
10406,Nigeria,PMO - US,Direct Drop,EXW,Air,0,No,HRDT,HIV test,"Orgenics, Ltd","HIV 1/2, Determine Complete HIV Kit, 100 Tests","HIV 1/2, Determine Complete HIV Kit",Determine,N/A,Test kit,100,6393,511440,80,0.8,,Inverness Japan,Yes,1920,30697.91,expensive,1002.42
68577,"Congo, DRC",PMO - US,Direct Drop,EXW,Air,0,No,HRDT,HIV test,"Orgenics, Ltd","HIV 1/2, Determine Complete HIV Kit, 100 Tests","HIV 1/2, Determine Complete HIV Kit",Determine,N/A,Test kit,100,1505,120400,80,0.8,,"Alere Medical Co., Ltd.",Yes,746,13037.01,expensive,168.8
75671,Haiti,PMO - US,Direct Drop,EXW,Ocean,0,No,ARV,Pediatric,Aurobindo Pharma Limited,"Efavirenz 50mg, capsule, 30 Caps",Efavirenz,Generic,50mg,Capsule,30,2688,4193.28,1.56,0.05,,"Aurobindo Unit III, India",Yes,154,2520.54,reasonable,5.19
78985,Zambia,PMO - US,Direct Drop,EXW,Air,0,No,HRDT,HIV test,"Orgenics, Ltd","HIV 1/2, Determine Complete HIV Kit, 100 Tests","HIV 1/2, Determine Complete HIV Kit",Determine,N/A,Test kit,100,2282,164304,72,0.72,,Inverness Japan,Yes,1106,16793.45,expensive,322.04
77413,Zambia,PMO - US,Direct Drop,EXW,Air,0,No,ARV,Adult,Aurobindo Pharma Limited,"Nevirapine 200mg, tablets, 60 Tabs",Nevirapine,Generic,200mg,Tablet,60,34165,76871.25,2.25,0.04,,"Aurobindo Unit III, India",Yes,3503,19461.76,expensive,79.02
13027,Vietnam,PMO - US,Direct Drop,EXW,Air,0,No,ARV,Adult,HETERO LABS LIMITED,"Efavirenz 600mg, tablets, 30 Tabs",Efavirenz,Generic,600mg,Tablet,30,5300,18550,3.5,0.12,,Hetero Unit III Hyderabad IN,Yes,2922,5616.02,expensive,19.07
69528,Nigeria,PMO - US,Direct Drop,EXW,Air,0,No,HRDT,HIV test,"Orgenics, Ltd","HIV 1/2, Determine Complete HIV Kit, 100 Tests","HIV 1/2, Determine Complete HIV Kit",Determine,N/A,Test kit,100,2744,244216,89,0.89,,"Alere Medical Co., Ltd.",Yes,1303,28734.43,expensive,342.39
37963,Vietnam,PMO - US,Direct Drop,EXW,Air,0,No,ARV,Adult,MYLAN LABORATORIES LTD (FORMERLY MATRIX LABORATORIES),"Nevirapine 200mg, tablets, 60 Tabs",Nevirapine,Generic,200mg,Tablet,60,1556,4045.6,2.6,0.04,,Mylan (formerly Matrix) Nashik,Yes,2113,10784.69,expensive,6.68
1861,Rwanda,PMO - US,Direct Drop,EXW,Air,0,No,HRDT,HIV test,"Trinity Biotech, Plc","HIV 1/2, Capillus HIV Kit, 100 Tests","HIV 1/2, Capillus HIV Kit",Capillus,N/A,Test kit,100,340,47260,139,1.39,,"Trinity Biotech, Plc",Yes,234,5446.06,expensive,75.62
27777,Ethiopia,PMO - US,Direct Drop,EXW,Air,0,No,HRDT,HIV test,"SHANGHAI KEHUA BIOENGINEERING CO.,LTD.  (KHB)","HIV 1/2, SKB Colloidal Gold, Diagnostic Kit, Antibody, 50 Tests","HIV 1/2, Colloidal Gold, Diagnostic Kit, Antibody",Colloidal Gold,N/A,Test kit,1,1362,33369,24.5,24.5,,"KHB Test Kit Facility, Shanghai China",Yes,950,8859.91,expensive,46.78
32316,Sudan,PMO - US,Direct Drop,EXW,Air,0,No,HRDT,HIV test - Ancillary,"Orgenics, Ltd","Capillary Tubes, for Determine, EDTA, 50uL,100 Pcs","HIV, Capillary Tubes, for Determine, EDTA, 50uL,100 Pcs",Determine,N/A,Test kit - Ancillary,100,2,16,8,0.08,,"Alere Medical Co., Ltd.",Yes,2,885.49,reasonable,0.03
6671,Cote d'Ivoire,PMO - US,Direct Drop,CIP,Air,0,No,ARV,Pediatric,BRISTOL-MYERS SQUIBB,"#102198**Didanosine 200mg [Videx], tablets, 60 Tabs",Didanosine,Videx,200mg,Tablet,60,5721,145885.5,25.5,0.42,,"BMS Meymac, France",Yes,1232,,,233.42
4594,Guyana,PMO - US,Direct Drop,EXW,Air,0,No,HRDT,HIV test,"Trinity Biotech, Plc","HIV 1/2, Uni-Gold HIV Kit, 20 Tests","HIV 1/2, Uni-Gold HIV Kit",Uni-Gold,N/A,Test kit,20,1062,33984,32,1.6,,"Trinity Biotech, Plc",Yes,1062,3976.33,reasonable,54.37
6724,Vietnam,PMO - US,Direct Drop,EXW,Air,0,No,ARV,Pediatric,Aurobindo Pharma Limited,"Didanosine 100mg, chewable/dispersible tablets, 60 Tabs",Didanosine,Generic,100mg,Chewable/dispersible tablet,60,1200,9300,7.75,0.13,,"Aurobindo Unit III, India",Yes,249,3719.91,reasonable,14.88
19289,Haiti,PMO - US,Direct Drop,FCA,Air,0,No,ARV,Adult,ABBVIE LOGISTICS (FORMERLY ABBOTT LOGISTICS BV),"Lopinavir/Ritonavir 200/50mg [Aluvia], tablets, 120 Tabs",Lopinavir/Ritonavir,Aluvia,200/50mg,Tablet,120,646,12480.72,19.32,0.16,,ABBVIE Ludwigshafen Germany,Yes,166,737.11,reasonable,15.44
13708,"Congo, DRC",PMO - US,Direct Drop,EXW,Air,0,No,HRDT,HIV test,"Trinity Biotech, Plc","HIV 1/2, Uni-Gold HIV Kit, 20 Tests","HIV 1/2, Uni-Gold HIV Kit",Uni-Gold,N/A,Test kit,20,32,1024,32,1.6,,"Trinity Biotech, Plc",Yes,54,2734.02,reasonable,1.05
60104,Cote d'Ivoire,PMO - US,Direct Drop,CIP,Air,0,No,ARV,Adult,GLAXOSMITHKLINE EXPORT LIMITED,"Abacavir/Lamivudine/Zidovudine 300/150/300mg [Trizivir], tablets, 60 Tabs",Abacavir/Lamivudine/Zidovudine,Trizivir,300/150/300mg,Tablet - FDC,60,4640,249214.4,53.71,0.9,,GSK Ware (UK),Yes,685,1807.36,reasonable,488.46
38312,Uganda,PMO - US,Direct Drop,FCA,Air,0,No,ARV,Adult,ABBVIE LOGISTICS (FORMERLY ABBOTT LOGISTICS BV),"Ritonavir 100mg [Norvir], capsules, cool, 4 x 84 Caps",Ritonavir,Norvir,100mg,Capsule,336,21,805.56,38.36,0.11,,ABBVIE (Abbott) Logis. UK,Yes,58,776.62,reasonable,1.58
45977,Tanzania,PMO - US,Direct Drop,EXW,Air,0,No,ARV,Adult,Aurobindo Pharma Limited,"Zidovudine 300mg, tablets, 60 Tabs",Zidovudine,Generic,300mg,Tablet,60,20172,109533.96,5.43,0.09,,"Aurobindo Unit III, India",Yes,1104,5765.11,expensive,135.49
23718,Botswana,PMO - US,Direct Drop,EXW,Air,0,No,HRDT,HIV test - Ancillary,"Trinity Biotech, Plc","#109436**HIV 1, Uni-Gold Recombigen HIV Control, Vial 2 x 0.5 ml","HIV 1, Uni-Gold Recombigen HIV Control, Vial 2 x 0.5 ml",Uni-Gold,N/A,Test kit - Ancillary,2,15,465,31,15.5,,"Trinity Biotech, Plc",Yes,1,599.73,reasonable,1
14348,Nigeria,PMO - US,Direct Drop,EXW,Air,0,No,HRDT,HIV test,"Orgenics, Ltd","HIV 1/2, Determine Complete HIV Kit, 100 Tests","HIV 1/2, Determine Complete HIV Kit",Determine,N/A,Test kit,100,2044,181916,89,0.89,,Inverness Japan,Yes,976,26014.88,expensive,300.16
1956,Vietnam,PMO - US,Direct Drop,EXW,Air,0,No,ARV,Adult,MYLAN LABORATORIES LTD (FORMERLY MATRIX LABORATORIES),"Efavirenz 600mg, tablets, 30 Tabs",Efavirenz,Generic,600mg,Tablet,30,8400,85596,10.19,0.34,,Mylan (formerly Matrix) Nashik,Yes,613,3247.73,reasonable,167.77
438,Vietnam,PMO - US,Direct Drop,CIP,Air,0,No,ARV,Pediatric,BRISTOL-MYERS SQUIBB,"Didanosine 25mg [Videx], chewable tablets, 60 Tabs",Didanosine,Videx,25mg,Chewable/dispersible tablet,60,400,2800,7,0.12,,"BMS Meymac, France",Yes,81,2211.05,reasonable,4.48
34010,Uganda,PMO - US,Direct Drop,EXW,Air,0,No,ARV,Adult,EMCURE PHARMACEUTICALS LTD,"Atazanavir/Ritonavir 300/100mg, tablets, 30 Tabs",Atazanavir/Ritonavir,Generic,300/100mg,Tablet,30,1000,18000,18,0.6,,"Emcure Plot No.P-2, I.T-B.T. Park, Phase II, MIDC, Hinjwadi, Pune, India",Yes,132,1329.99,reasonable,21.19
34769,Uganda,PMO - US,Direct Drop,EXW,Air,0,No,HRDT,HIV test,"CHEMBIO DIAGNOSTIC SYSTEMS, INC.","HIV 1/2, Stat-Pak HIV, Kit, 20 Tests","HIV 1/2, Stat-Pak HIV, Kit",Stat-Pak,N/A,Test kit,20,6200,192200,31,1.55,,Chembio Diagnostics Sys. Inc.,Yes,2328,13456.05,expensive,226.22
21044,Vietnam,PMO - US,Direct Drop,EXW,Air,0,No,ARV,Adult,MYLAN LABORATORIES LTD (FORMERLY MATRIX LABORATORIES),"Lamivudine/Zidovudine 150/300mg, tablets, 60 Tabs",Lamivudine/Zidovudine,Generic,150/300mg,Tablet - FDC,60,1652,10721.48,6.49,0.11,,Mylan (formerly Matrix) Nashik,Yes,146,746.89,reasonable,13.26
40484,Kenya,PMO - US,Direct Drop,EXW,Air,0,No,HRDT,HIV test,"Orgenics, Ltd","HIV 1/2, Determine Complete HIV Kit, 100 Tests","HIV 1/2, Determine Complete HIV Kit",Determine,N/A,Test kit,100,8563,762107,89,0.89,,Inverness Japan,Yes,1474,15687.32,expensive,1643.1
59991,Zambia,PMO - US,Direct Drop,EXW,Air,0,No,ARV,Adult,Aurobindo Pharma Limited,"Emtricitabine/Tenofovir Disoproxil Fumarate 200/300mg, tablets, 30 Tabs",Emtricitabine/Tenofovir Disoproxil Fumarate,Generic,200/300mg,Tablet - FDC,30,100000,735000,7.35,0.24,,"Aurobindo Unit III, India",Yes,9390,45118.64,expensive,1030.47
45149,Vietnam,PMO - US,Direct Drop,EXW,Air,0,No,ARV,Adult,Aurobindo Pharma Limited,"Didanosine 250mg, delayed-release capsules, 30 Caps",Didanosine,Generic,250mg,Delayed-release capsules,30,300,3900,13,0.43,,"Aurobindo Unit III, India",Yes,21,3657.69,reasonable,8.41
47853,Tanzania,PMO - US,Direct Drop,EXW,Air,0,No,HRDT,HIV test,"Orgenics, Ltd","HIV 1/2, Determine HIV Kit, without Lancets, 100 Tests","HIV 1/2, Determine HIV Kit, without Lancets",Determine,N/A,Test kit,100,2024,141680,70,0.7,,Inverness Japan,Yes,461,6923.2,expensive,277.69
8017,Haiti,PMO - US,Direct Drop,EXW,Air,0,No,HRDT,HIV test,Abbott GmbH & Co. KG,"HIV 1/2, Determine Complete HIV Kit, 100 Tests","HIV 1/2, Determine Complete HIV Kit",Determine,N/A,Test kit,100,1000,80000,80,0.8,,ABBVIE GmbH & Co.KG Wiesbaden,Yes,343,2802.42,reasonable,
68735,Tanzania,PMO - US,Direct Drop,EXW,Air,0,No,HRDT,HIV test,"Standard Diagnostics, Inc.","HIV 1/2, Bioline 3.0 Kit, Lancets, Capillary pipets, Alcohol swabs included, 25 Tests","HIV 1/2, Bioline 3.0 Kit, Lancets, Capillary pipets, Alcohol swabs included",Bioline,N/A,Test kit,25,10000,200000,20,0.8,,"Standard Diagnostics, Korea",Yes,3334,22086.15,expensive,330
56550,Tanzania,PMO - US,Direct Drop,FCA,Air,0,No,ARV,Adult,ABBVIE LOGISTICS (FORMERLY ABBOTT LOGISTICS BV),"Ritonavir 100mg [Norvir], capsules, cool, 4 x 84 Caps",Ritonavir,Norvir,100mg,Capsule,336,645,24742.2,38.36,0.11,,ABBVIE (Abbott) Logis. UK,Yes,1210,7015.04,expensive,48.49
74930,Zambia,PMO - US,Direct Drop,EXW,Air,0,No,HRDT,HIV test,"Orgenics, Ltd","HIV 1/2, Determine Complete HIV Kit, 100 Tests","HIV 1/2, Determine Complete HIV Kit",Determine,N/A,Test kit,100,2898,208656,72,0.72,,Inverness Japan,Yes,1409,21714.68,expensive,408.97
73211,Uganda,PMO - US,Direct Drop,FCA,Air,0,No,ARV,Adult,ABBVIE LOGISTICS (FORMERLY ABBOTT LOGISTICS BV),"Ritonavir 100mg [Norvir], film coated tablets, 60 Tabs",Ritonavir,Norvir,100mg,Tablet,60,210,1438.5,6.85,0.11,,ABBVIE Ludwigshafen Germany,Yes,32,852.02,reasonable,1.78
9585,Mozambique,PMO - US,Direct Drop,EXW,Air,0,No,HRDT,HIV test,"Trinity Biotech, Plc","HIV 1/2, Uni-Gold HIV Kit, 20 Tests","HIV 1/2, Uni-Gold HIV Kit",Uni-Gold,N/A,Test kit,20,5300,169600,32,1.6,,"Trinity Biotech, Plc",Yes,1796,32437.45,expensive,271.36
7398,Cote d'Ivoire,PMO - US,Direct Drop,EXW,Air,0,No,HRDT,HIV test,BIO-RAD LABORATORIES (FRANCE),"#108853** HIV, Genie II HIV-1/HIV-2 Kit, 40 Tests","HIV, Genie II HIV-1/HIV-2 Kit",Genie,N/A,Test kit,40,603,45828,76,1.9,,Bio-Rad Laboratories,Yes,679,9698.22,expensive,89.82
25844,Tanzania,PMO - US,Direct Drop,EXW,Air,0,No,HRDT,HIV test,"Orgenics, Ltd","HIV 1/2, Determine Complete HIV Kit, 100 Tests","HIV 1/2, Determine Complete HIV Kit",Determine,N/A,Test kit,100,1130,90400,80,0.8,,"Alere Medical Co., Ltd.",Yes,537,10626.8,expensive,126.74
68572,Tanzania,PMO - US,Direct Drop,EXW,Air,0,No,ARV,Adult,MYLAN LABORATORIES LTD (FORMERLY MATRIX LABORATORIES),"Atazanavir/Ritonavir 300/100mg, tablets, 30 Tabs",Atazanavir/Ritonavir,Generic,300/100mg,Tablet,30,10565,211300,20,0.67,,Mylan (formerly Matrix) Nashik,Yes,1412,6758.01,expensive,217.22
78949,Zimbabwe,PMO - US,Direct Drop,EXW,Air,0,No,HRDT,HIV test,"Orgenics, Ltd","HIV 1/2, Determine Complete HIV Kit, 100 Tests","HIV 1/2, Determine Complete HIV Kit",Determine,N/A,Test kit,100,1915,137880,72,0.72,,Inverness Japan,Yes,967,18212.87,expensive,297.27
54465,Mozambique,PMO - US,Direct Drop,EXW,Air,0,No,HRDT,HIV test,"Orgenics, Ltd","HIV 1/2, Determine Complete HIV Kit, 100 Tests","HIV 1/2, Determine Complete HIV Kit",Determine,N/A,Test kit,100,2928,234240,80,0.8,,"Alere Medical Co., Ltd.",Yes,1325,13303.36,expensive,289.75
32953,Rwanda,PMO - US,Direct Drop,EXW,Air,0,No,ARV,Adult,MYLAN LABORATORIES LTD (FORMERLY MATRIX LABORATORIES),"Abacavir/Lamivudine 600/300mg, tablets, 30 Tabs",Abacavir/Lamivudine,Generic,600/300mg,Tablet - FDC,30,40705,549110.45,13.49,0.45,,Mylan (formerly Matrix) Nashik,Yes,3948,24035.49,expensive,679.25
62935,Rwanda,PMO - US,Direct Drop,FCA,Air,0,No,ARV,Pediatric,ABBVIE LOGISTICS (FORMERLY ABBOTT LOGISTICS BV),"Lopinavir/Ritonavir 80/20mg/ml [Kaletra], oral solution, cool, Bottle 5 x 60 ml",Lopinavir/Ritonavir,Kaletra,80/20mg/ml,Oral solution,300,252,7766.64,30.82,0.1,,ABBVIE (Abbott) Logis. UK,Yes,316,2905.84,reasonable,9.14
139,Tanzania,PMO - US,Direct Drop,EXW,Air,0,No,HRDT,HIV test,"Standard Diagnostics, Inc.","HIV 1/2, Bioline 3.0 Kit, Lancets, Capillary pipets, Alcohol swabs included, 25 Tests","HIV 1/2, Bioline 3.0 Kit, Lancets, Capillary pipets, Alcohol swabs included",Bioline,N/A,Test kit,25,10000,200000,20,0.8,,"Standard Diagnostics, Korea",Yes,3335,28461.1,expensive,320
37379,Haiti,PMO - US,Direct Drop,EXW,Air,0,No,ARV,Pediatric,CIPLA LIMITED,"Abacavir 60mg, dispersible tablets, 60 Tabs",Abacavir,Generic,60mg,Chewable/dispersible tablet,60,741,3705,5,0.08,,"Cipla, Patalganga, India",Yes,66,1572.92,reasonable,4.58
80616,Cote d'Ivoire,PMO - US,Direct Drop,FCA,Air,0,No,ARV,Adult,ABBVIE LOGISTICS (FORMERLY ABBOTT LOGISTICS BV),"Lopinavir/Ritonavir 200/50mg [Aluvia], tablets, 120 Tabs",Lopinavir/Ritonavir,Aluvia,200/50mg,Tablet,120,9517,320722.9,33.7,0.28,,ABBVIE Ludwigshafen Germany,Yes,2368,17068.85,expensive,529.19
35043,Vietnam,PMO - US,Direct Drop,EXW,Air,0,No,ARV,Adult,HETERO LABS LIMITED,"Efavirenz/Lamivudine/Tenofovir Disoproxil Fumarate 600/300/300mg, tablets, 30 Tabs",Efavirenz/Lamivudine/Tenofovir Disoproxil Fumarate,Generic,600/300/300mg,Tablet - FDC,30,18880,198240,10.5,0.35,,Hetero Unit III Hyderabad IN,Yes,2452,3691.22,reasonable,203.79
37177,South Africa,PMO - US,Direct Drop,DDP,Ocean,0,No,ARV,Adult,Aurobindo Pharma Limited,"Zidovudine 300mg, tablets, 60 Tabs",Zidovudine,Generic,300mg,Tablet,60,66793,487588.9,7.3,0.12,,"Aurobindo Unit III, India",Yes,3458,3787.72,reasonable,804.52
23584,Uganda,PMO - US,Direct Drop,CIP,Air,0,No,ARV,Adult,MERCK SHARP & DOHME IDEA GMBH (FORMALLY MERCK SHARP & DOHME B.V.),"Indinavir 400mg [Crixivan], capsules, 180 Caps",Indinavir,Crixivan,400mg,Capsule,180,48,2400,50,0.28,,"MSD, Haarlem, NL",Yes,11,48,reasonable,4.7
50730,Haiti,PMO - US,Direct Drop,FCA,Air,0,No,ARV,Pediatric,LAWRENCE LABORATORIES (SUBSIDIARY OF BRISTOL MYERS SQUIBB),"Didanosine 25mg [Videx], chewable tablets, 60 Tabs",Didanosine,Videx,25mg,Chewable/dispersible tablet,60,120,840,7,0.12,,Bristol-Myers Squibb Anagni IT,Yes,26,575.17,reasonable,1.18
13555,Vietnam,PMO - US,Direct Drop,EXW,Air,0,No,ARV,Adult,MYLAN LABORATORIES LTD (FORMERLY MATRIX LABORATORIES),"Lamivudine/Nevirapine/Zidovudine 150/200/300mg, tablets, 60 Tabs",Lamivudine/Nevirapine/Zidovudine,Generic,150/300/200mg,Tablet - FDC,60,13000,105300,8.1,0.13,,Mylan (formerly Matrix) Nashik,Yes,2672,2504.64,reasonable,108.25
62433,Mozambique,PMO - US,Direct Drop,EXW,Air,0,No,HRDT,HIV test,"Trinity Biotech, Plc","HIV 1/2, Uni-Gold HIV Kit, 20 Tests","HIV 1/2, Uni-Gold HIV Kit",Uni-Gold,N/A,Test kit,20,4200,134400,32,1.6,,"Trinity Biotech, Plc",Yes,1650,23167.84,expensive,263.42
24051,Tanzania,PMO - US,Direct Drop,EXW,Air,0,No,HRDT,HIV test,"Standard Diagnostics, Inc.","HIV 1/2, Bioline 3.0 Kit, (no accessories), 30 Tests","HIV 1/2, Bioline 3.0 Kit (no accessories)",Bioline,N/A,Test kit,30,9720,233280,24,0.8,,"Standard Diagnostics, Korea",Yes,3240,36096.76,expensive,457.23
42295,Vietnam,PMO - US,Direct Drop,EXW,Air,0,No,ARV,Adult,HETERO LABS LIMITED,"Efavirenz/Lamivudine/Tenofovir Disoproxil Fumarate 600/300/300mg, tablets, 30 Tabs",Efavirenz/Lamivudine/Tenofovir Disoproxil Fumarate,Generic,600/300/300mg,Tablet - FDC,30,5280,55440,10.5,0.35,,Hetero Unit III Hyderabad IN,Yes,1570,2690.2,reasonable,56.99
63289,Cameroon,PMO - US,Direct Drop,EXW,Air,0,No,HRDT,HIV test,"Orgenics, Ltd","HIV 1/2, Determine Complete HIV Kit, 100 Tests","HIV 1/2, Determine Complete HIV Kit",Determine,N/A,Test kit,100,5000,400000,80,0.8,,"Alere Medical Co., Ltd.",Yes,1238,46044.38,expensive,494.8
51233,Vietnam,PMO - US,Direct Drop,EXW,Air,0,No,ARV,Adult,HETERO LABS LIMITED,"Lamivudine 150mg, tablets, 60 Tabs",Lamivudine,Generic,150mg,Tablet,60,9400,16920,1.8,0.03,,Hetero Unit III Hyderabad IN,Yes,1030,1593.67,reasonable,19.91
37924,Tanzania,PMO - US,Direct Drop,EXW,Air,0,No,HRDT,HIV test,"Trinity Biotech, Plc","HIV 1/2, Uni-Gold HIV Kit, 20 Tests","HIV 1/2, Uni-Gold HIV Kit",Uni-Gold,N/A,Test kit,20,369,11808,32,1.6,,"Trinity Biotech, Plc",Yes,113,1661.01,reasonable,12.14
28928,South Africa,PMO - US,Direct Drop,DDP,Air,0,No,ARV,Adult,Aurobindo Pharma Limited,"Tenofovir Disoproxil Fumarate 300mg, tablets, 30 Tabs",Tenofovir Disoproxil Fumarate,Generic,300mg,Tablet,30,40319,278604.29,6.91,0.23,,"Aurobindo Unit III, India",Yes,3545,5953.38,expensive,600.67
3674,Rwanda,PMO - US,Direct Drop,EXW,Air,0,No,HRDT,HIV test,"Orgenics, Ltd","HIV 1/2, Determine HIV Kit, without Lancets, 100 Tests","HIV 1/2, Determine HIV Kit, without Lancets",Determine,N/A,Test kit,100,386,27020,70,0.7,,Inverness Japan,Yes,88,3936.25,reasonable,52.96
22357,Rwanda,PMO - US,Direct Drop,EXW,Air,0,No,HRDT,HIV test,"SHANGHAI KEHUA BIOENGINEERING CO.,LTD.  (KHB)","HIV 1/2, SKB Colloidal Gold, Diagnostic Kit, Antibody, 50 Tests","HIV 1/2, Colloidal Gold, Diagnostic Kit, Antibody",Colloidal Gold,N/A,Test kit,1,4032,98784,24.5,24.5,,"KHB Test Kit Facility, Shanghai China",Yes,2688,35437.38,expensive,101.55
46956,Namibia,PMO - US,Direct Drop,EXW,Air,0,No,HRDT,HIV test,"Orgenics, Ltd","HIV 1/2, Determine HIV Kit, without Lancets, 100 Tests","HIV 1/2, Determine HIV Kit, without Lancets",Determine,N/A,Test kit,100,150,11655,77.7,0.78,,Inverness Japan,Yes,34,947.35,reasonable,19.23
73348,Zimbabwe,PMO - US,Direct Drop,FCA,Air,0,No,ARV,Pediatric,ABBVIE LOGISTICS (FORMERLY ABBOTT LOGISTICS BV),"Lopinavir/Ritonavir 80/20mg/ml [Kaletra], oral solution, cool, Bottle 5 x 60 ml",Lopinavir/Ritonavir,Kaletra,80/20mg/ml,Oral solution,300,5362,165256.84,30.82,0.1,,ABBVIE (Abbott) Logis. UK,Yes,5060,44952.61,expensive,169.88
43060,Nigeria,PMO - US,Direct Drop,EXW,Air,1,Yes,HRDT,HIV test,"Orgenics, Ltd","HIV 1/2, Determine Complete HIV Kit, 100 Tests","HIV 1/2, Determine Complete HIV Kit",Determine,N/A,Test kit,100,1960,174440,89,0.89,,"Alere Medical Co., Ltd.",Yes,882,,,244.56
75153,Nigeria,PMO - US,Direct Drop,EXW,Air,0,No,HRDT,HIV test,"CHEMBIO DIAGNOSTIC SYSTEMS, INC.","HIV 1/2, Stat-Pak HIV, Kit, 20 Tests","HIV 1/2, Stat-Pak HIV, Kit",Stat-Pak,N/A,Test kit,20,3337,106784,32,1.6,,Chembio Diagnostics Sys. Inc.,Yes,1252,5758.84,expensive,132.09
52871,South Africa,PMO - US,Direct Drop,DDP,Air,1,Yes,ARV,Adult,Aurobindo Pharma Limited,"Lamivudine 150mg, tablets, 60 Tabs",Lamivudine,Generic,150mg,Tablet,60,33711,85288.83,2.53,0.04,,"Aurobindo Unit III, India",Yes,1810,2016.42,reasonable,183.88
35749,South Africa,PMO - US,Direct Drop,DDP,Ocean,1,Yes,ARV,Pediatric,Aurobindo Pharma Limited,"Nevirapine 10mg/ml, oral suspension w/syringe, Bottle, 240 ml",Nevirapine,Generic,10mg/ml,Oral suspension,240,19098,43161.48,2.26,0.01,,"Aurobindo Unit III, India",Yes,6876,461.5,reasonable,71.22
8738,Namibia,PMO - US,Direct Drop,EXW,Air,0,No,HRDT,HIV test,"Orgenics, Ltd","HIV 1/2, Clearview Complete Kit, 25 Tests","HIV 1/2, Clearview Complete Kit",Clearview,N/A,Test kit,25,20,1500,75,3,,Inverness USA,Yes,9,1153.43,reasonable,2.94
15368,Vietnam,PMO - US,Direct Drop,EXW,Air,0,No,ARV,Adult,Aurobindo Pharma Limited,"Lamivudine 150mg, tablets, 60 Tabs",Lamivudine,Generic,150mg,Tablet,60,24480,58752,2.4,0.04,,"Aurobindo Unit III, India",Yes,3536,20910.43,expensive,115.15
36936,Kenya,PMO - US,Direct Drop,EXW,Air,0,No,HRDT,HIV test,"Orgenics, Ltd","HIV 1/2, Determine Complete HIV Kit, 100 Tests","HIV 1/2, Determine Complete HIV Kit",Determine,N/A,Test kit,100,8586,764154,89,0.89,,Inverness Japan,Yes,1479,15519.77,expensive,1647.52
66992,Guyana,PMO - US,Direct Drop,EXW,Air,0,No,HRDT,HIV test,"CHEMBIO DIAGNOSTIC SYSTEMS, INC.","HIV 1/2, Stat-Pak HIV, Kit, 20 Tests","HIV 1/2, Stat-Pak HIV, Kit",Stat-Pak,N/A,Test kit,20,20,540,27,1.35,,Chembio Diagnostics Sys. Inc.,Yes,11,386.16,reasonable,1.16
7259,Guyana,PMO - US,Direct Drop,EXW,Air,0,No,HRDT,HIV test - Ancillary,"Orgenics, Ltd","HIV, Lancet, Safety, for HIV Test kits, 100 Pcs","HIV, Lancet, Safety, for HIV Test kits, 100 Pcs",Generic,N/A,Test kit - Ancillary,100,213,2.13,0.01,0,,Inverness Japan,Yes,14,180,reasonable,0
78909,Nigeria,PMO - US,Direct Drop,EXW,Air,0,No,HRDT,HIV test,"Orgenics, Ltd","HIV 1/2, Determine Complete HIV Kit, 100 Tests","HIV 1/2, Determine Complete HIV Kit",Determine,N/A,Test kit,100,9258,823962,89,0.89,,"Alere Medical Co., Ltd.",Yes,3759,57561.38,expensive,1019.24
56495,Nigeria,PMO - US,Direct Drop,EXW,Air,0,No,HRDT,HIV test,"Trinity Biotech, Plc","HIV 1/2, Uni-Gold HIV Kit, 20 Tests","HIV 1/2, Uni-Gold HIV Kit",Uni-Gold,N/A,Test kit,20,5791,185312,32,1.6,,"Trinity Biotech, Plc",Yes,1918,24147.39,expensive,305.76
75581,Vietnam,PMO - US,Direct Drop,EXW,Air,0,No,ARV,Adult,STRIDES ARCOLAB LIMITED,"Lamivudine 150mg, tablets, 60 Tabs",Lamivudine,Generic,150mg,Tablet,60,8738,20534.3,2.35,0.04,,"Strides, Bangalore, India.",Yes,420,6683.69,expensive,44.27
47253,Vietnam,PMO - US,Direct Drop,EXW,Air,0,No,ARV,Adult,STRIDES ARCOLAB LIMITED,"Lamivudine/Nevirapine/Stavudine 150/200/30mg, tablets, 60 Tabs",Lamivudine/Nevirapine/Stavudine,Generic,150/200/30mg,Tablet - FDC,60,11000,58850,5.35,0.09,,"Strides, Bangalore, India.",Yes,3828,15089.11,expensive,97.1
19771,Vietnam,PMO - US,Direct Drop,FCA,Air,0,No,ARV,Adult,ABBVIE LOGISTICS (FORMERLY ABBOTT LOGISTICS BV),"Lopinavir/Ritonavir 200/50mg [Aluvia], tablets, 120 Tabs",Lopinavir/Ritonavir,Aluvia,200/50mg,Tablet,120,5530,454566,82.2,0.68,,ABBVIE Ludwigshafen Germany,Yes,1348,10670.09,expensive,980.04
68872,Uganda,PMO - US,Direct Drop,EXW,Air,0,No,ARV,Adult,MYLAN LABORATORIES LTD (FORMERLY MATRIX LABORATORIES),"Atazanavir/Ritonavir 300/100mg, tablets, 30 Tabs",Atazanavir/Ritonavir,Generic,300/100mg,Tablet,30,1262,28395,22.5,0.75,,Mylan (formerly Matrix) Nashik,Yes,173,935.89,reasonable,39.81
76813,Haiti,PMO - US,Direct Drop,FCA,Air,0,No,ARV,Pediatric,ABBVIE LOGISTICS (FORMERLY ABBOTT LOGISTICS BV),"Lopinavir/Ritonavir 100/25mg [Aluvia], tablets, 60 Tabs",Lopinavir/Ritonavir,Generic,100/25mg,Tablet,60,45,406.8,9.04,0.15,,ABBVIE Ludwigshafen Germany,Yes,13,928.11,reasonable,0.8
61980,Haiti,PMO - US,Direct Drop,CIP,Air,0,No,ARV,Pediatric,MERCK SHARP & DOHME IDEA GMBH (FORMALLY MERCK SHARP & DOHME B.V.),"Efavirenz 30mg/ml [Stocrin/Sustiva], oral solution, Bottle, 180 ml",Efavirenz,Stocrin/Sustiva,30mg/ml,Oral solution,180,2295,38923.2,16.96,0.09,,"MSD, Haarlem, NL",Yes,687,5293.76,expensive,54.57
66448,Cote d'Ivoire,PMO - US,Direct Drop,EXW,Air,0,No,ARV,Adult,MYLAN LABORATORIES LTD (FORMERLY MATRIX LABORATORIES),"Atazanavir/Ritonavir 300/100mg, tablets, 30 Tabs",Atazanavir/Ritonavir,Generic,300/100mg,Tablet,30,3200,64000,20,0.67,,Mylan (formerly Matrix) Nashik,Yes,430,3587.34,reasonable,65.79
80270,Mozambique,PMO - US,Direct Drop,EXW,Air,0,No,ARV,Adult,STRIDES ARCOLAB LIMITED,"Lamivudine/Stavudine 150/30mg, tablets, 60 Tabs",Lamivudine/Stavudine,Generic,150/30mg,Tablet - FDC,60,13168,38450.56,2.92,0.05,,"Strides, Bangalore, India.",Yes,834,3574.24,reasonable,47.56
78050,Cote d'Ivoire,PMO - US,Direct Drop,CIP,Air,0,No,ARV,Pediatric,BRISTOL-MYERS SQUIBB,"Didanosine 50mg [Videx], chewable tablets, 60 Tabs",Didanosine,Videx,50mg,Chewable/dispersible tablet,60,1888,17936,9.5,0.16,,"BMS Meymac, France",Yes,368,824.37,reasonable,38.67
53618,South Africa,PMO - US,Direct Drop,DDP,Ocean,0,No,ARV,Adult,Aurobindo Pharma Limited,"Abacavir 300mg, tablets, 60 Tabs",Abacavir,Generic,300mg,Tablet,60,6155,91894.15,14.93,0.25,,"Aurobindo Unit III, India",Yes,590,146.5,reasonable,151.63
49301,Botswana,PMO - US,Direct Drop,EXW,Air,0,No,HRDT,HIV test,"Orgenics, Ltd","HIV 1/2, Determine Complete HIV Kit, 100 Tests","HIV 1/2, Determine Complete HIV Kit",Determine,N/A,Test kit,100,5,360,72,0.72,,Inverness Japan,Yes,3,787.28,reasonable,0.78
37481,Rwanda,PMO - US,Direct Drop,EXW,Air,0,No,HRDT,HIV test,"Orgenics, Ltd","HIV 1/2, Determine HIV Kit, without Lancets, 100 Tests","HIV 1/2, Determine HIV Kit, without Lancets",Determine,N/A,Test kit,100,5000,388500,77.7,0.78,,Inverness Japan,Yes,1136,49573.62,expensive,837.61
81747,Mozambique,PMO - US,Direct Drop,EXW,Air,0,No,ARV,Adult,HETERO LABS LIMITED,"Lamivudine/Nevirapine/Zidovudine 150/200/300mg, tablets, 60 Tabs",Lamivudine/Nevirapine/Zidovudine,Generic,150/300/200mg,Tablet - FDC,60,24816,201257.76,8.11,0.14,,Hetero Unit III Hyderabad IN,Yes,3392,16835.52,expensive,206.89
28542,South Africa,PMO - US,Direct Drop,DDP,Ocean,1,Yes,ARV,Adult,Aurobindo Pharma Limited,"Zidovudine 300mg, tablets, 60 Tabs",Zidovudine,Generic,300mg,Tablet,60,17470,128055.1,7.33,0.12,,"Aurobindo Unit III, India",Yes,7765,4835.17,reasonable,276.09
53691,Cote d'Ivoire,PMO - US,Direct Drop,EXW,Air,0,No,HRDT,HIV test,"Orgenics, Ltd","HIV 1/2, Determine Complete HIV Kit, 100 Tests","HIV 1/2, Determine Complete HIV Kit",Determine,N/A,Test kit,100,1470,117600,80,0.8,,"Alere Medical Co., Ltd.",Yes,595,7651.46,expensive,120.89
70299,South Africa,PMO - US,Direct Drop,DDP,Ocean,1,Yes,ARV,Adult,Aurobindo Pharma Limited,"Zidovudine 300mg, tablets, 60 Tabs",Zidovudine,Generic,300mg,Tablet,60,86467,633803.11,7.33,0.12,,"Aurobindo Unit III, India",Yes,4364,4295.6,reasonable,1366.48
25587,Uganda,PMO - US,Direct Drop,EXW,Air,0,No,ARV,Pediatric,CIPLA LIMITED,"Lamivudine/Nevirapine/Zidovudine 30/50/60mg, dispersible tablets, 60 Tabs",Lamivudine/Nevirapine/Zidovudine,Generic,30/50/60mg,Chewable/dispersible tablet - FDC,60,15021,60084,4,0.07,,"Cipla, Goa, India",Yes,1411,13983.98,expensive,61.77
71009,Liberia,PMO - US,Direct Drop,EXW,Air,0,No,HRDT,HIV test,"Trinity Biotech, Plc","HIV 1/2, Uni-Gold HIV Kit, 20 Tests","HIV 1/2, Uni-Gold HIV Kit",Uni-Gold,N/A,Test kit,20,20,640,32,1.6,,"Trinity Biotech, Plc",Yes,7,498.72,reasonable,1.06
33144,Vietnam,PMO - US,Direct Drop,EXW,Air,0,No,ARV,Adult,MYLAN LABORATORIES LTD (FORMERLY MATRIX LABORATORIES),"Tenofovir Disoproxil Fumarate 300mg, tablets, 30 Tabs",Tenofovir Disoproxil Fumarate,Generic,300mg,Tablet,30,4536,34020,7.5,0.25,,Mylan (formerly Matrix) Nashik,Yes,266,3678.45,reasonable,73.35
9316,Nigeria,PMO - US,Direct Drop,EXW,Air,0,No,HRDT,HIV test,Abbott GmbH & Co. KG,"HIV 1/2, Determine Complete HIV Kit, 100 Tests","HIV 1/2, Determine Complete HIV Kit",Determine,N/A,Test kit,100,3500,280000,80,0.8,,ABBVIE GmbH & Co.KG Wiesbaden,Yes,1192,10879.22,expensive,448
33760,Vietnam,PMO - US,Direct Drop,EXW,Air,0,No,ARV,Adult,STRIDES ARCOLAB LIMITED,"Efavirenz 600mg, tablets, 30 Tabs",Efavirenz,Generic,600mg,Tablet,30,18854,77301.4,4.1,0.14,,"Strides, Bangalore, India.",Yes,1146,5977.2,expensive,127.55
7929,Zambia,PMO - US,Direct Drop,FCA,Air,0,No,HRDT,HIV test,Abbott GmbH & Co. KG,"HIV 1/2, Determine Complete HIV Kit, 100 Tests","HIV 1/2, Determine Complete HIV Kit",Determine,N/A,Test kit,100,1000,80000,80,0.8,,ABBVIE GmbH & Co.KG Wiesbaden,Yes,343,2373.73,reasonable,
54280,Cote d'Ivoire,PMO - US,Direct Drop,EXW,Air,0,No,HRDT,HIV test,"Orgenics, Ltd","HIV 1/2, Determine Complete HIV Kit, 100 Tests","HIV 1/2, Determine Complete HIV Kit",Determine,N/A,Test kit,100,5750,460000,80,0.8,,"Alere Medical Co., Ltd.",Yes,3374,24821.13,expensive,541.42
66323,Mozambique,PMO - US,Direct Drop,EXW,Air,0,No,HRDT,HIV test,"Trinity Biotech, Plc","HIV 1/2, Uni-Gold HIV Kit, 20 Tests","HIV 1/2, Uni-Gold HIV Kit",Uni-Gold,N/A,Test kit,20,424,13568,32,1.6,,"Trinity Biotech, Plc",Yes,145,2572.68,reasonable,29.25
49694,South Africa,PMO - US,Direct Drop,DDP,Ocean,0,No,ARV,Adult,Aurobindo Pharma Limited,"Zidovudine 300mg, tablets, 60 Tabs",Zidovudine,Generic,300mg,Tablet,60,70030,513319.9,7.33,0.12,,"Aurobindo Unit III, India",Yes,3534,17919.41,expensive,1106.72
81579,Kenya,PMO - US,Direct Drop,EXW,Air,1,Yes,HRDT,HIV test,"Orgenics, Ltd","HIV 1/2, Determine Complete HIV Kit, 100 Tests","HIV 1/2, Determine Complete HIV Kit",Determine,N/A,Test kit,100,4,356,89,0.89,,"Alere Medical Co., Ltd.",Yes,1413,15387.63,expensive,0.5
29596,Rwanda,PMO - US,Direct Drop,EXW,Ocean,0,No,ARV,Adult,MICRO LABS LIMITED,"Nevirapine 200mg, tablets, 60 Tabs",Nevirapine,Generic,200mg,Tablet,60,171925,388550.5,2.26,0.04,,"Micro labs, Verna, Goa, India",Yes,15683,36173.15,expensive,544.75
75139,Vietnam,PMO - US,Direct Drop,EXW,Air,0,No,ARV,Adult,Aurobindo Pharma Limited,"Stavudine 30mg, capsules, 60 Caps",Stavudine,Generic,30mg,Capsule,60,3024,4384.8,1.45,0.02,,"Aurobindo Unit III, India",Yes,202,1615.88,reasonable,8.59
32738,Rwanda,PMO - US,Direct Drop,EXW,Ocean,0,No,ARV,Adult,MYLAN LABORATORIES LTD (FORMERLY MATRIX LABORATORIES),"Efavirenz/Lamivudine/Tenofovir Disoproxil Fumarate 600/300/300mg, tablets, 30 Tabs",Efavirenz/Lamivudine/Tenofovir Disoproxil Fumarate,Generic,600/300/300mg,Tablet - FDC,30,46613,605969,13,0.43,,Mylan (formerly Matrix) Nashik,Yes,5245,11186.24,expensive,849.57
63561,Zimbabwe,PMO - US,Direct Drop,FCA,Air,0,No,ARV,Pediatric,ABBVIE LOGISTICS (FORMERLY ABBOTT LOGISTICS BV),"Lopinavir/Ritonavir 80/20mg/ml [Kaletra], oral solution, cool, Bottle 5 x 60 ml",Lopinavir/Ritonavir,Kaletra,80/20mg/ml,Oral solution,300,6914,213089.48,30.82,0.1,,ABBVIE (Abbott) Logis. UK,Yes,6090,41141.5,expensive,250.81
81855,Ethiopia,PMO - US,Direct Drop,EXW,Air,0,No,ARV,Adult,Aurobindo Pharma Limited,"Didanosine 250mg, delayed-release capsules, 30 Caps",Didanosine,Generic,250mg,Delayed-release capsules,30,3775,49075,13,0.43,,"Aurobindo Unit III, India",Yes,257,2325.62,reasonable,80.97
17200,Haiti,PMO - US,Direct Drop,EXW,Air,0,No,ARV,Adult,MYLAN LABORATORIES LTD (FORMERLY MATRIX LABORATORIES),"Atazanavir/Ritonavir 300/100mg, tablets, 30 Tabs",Atazanavir/Ritonavir,Generic,300/100mg,Tablet,30,5000,100000,20,0.67,,Mylan (formerly Matrix) Nashik,Yes,670,4909.72,reasonable,123.7
76087,Dominican Republic,PMO - US,Direct Drop,EXW,Air,0,No,ARV,Adult,Aurobindo Pharma Limited,"Didanosine 250mg, delayed-release capsules, 30 Caps",Didanosine,Generic,250mg,Delayed-release capsules,30,1000,13000,13,0.43,,"Aurobindo Unit III, India",Yes,68,1001.12,reasonable,28.03
64588,Cote d'Ivoire,PMO - US,Direct Drop,FCA,Air,0,No,ARV,Adult,ABBVIE LOGISTICS (FORMERLY ABBOTT LOGISTICS BV),"Ritonavir 100mg [Norvir], capsules, cool, 4 x 84 Caps",Ritonavir,Norvir,100mg,Capsule,336,680,26084.8,38.36,0.11,,ABBVIE (Abbott) Logis. UK,Yes,1299,9689.81,expensive,51.13
47443,Uganda,PMO - US,Direct Drop,FCA,Air,0,No,ARV,Adult,ABBVIE LOGISTICS (FORMERLY ABBOTT LOGISTICS BV),"Lopinavir/Ritonavir 200/50mg [Aluvia], tablets, 120 Tabs",Lopinavir/Ritonavir,Aluvia,200/50mg,Tablet,120,120,4339.2,36.16,0.3,,ABBVIE Ludwigshafen Germany,Yes,36,1025.69,reasonable,8.5
610,Vietnam,PMO - US,Direct Drop,EXW,Air,0,No,ARV,Adult,Aurobindo Pharma Limited,"Lamivudine 150mg, tablets, 60 Tabs",Lamivudine,Generic,150mg,Tablet,60,38640,92736,2.4,0.04,,"Aurobindo Unit III, India",Yes,2719,18614.72,expensive,148.38
66762,Cote d'Ivoire,PMO - US,Direct Drop,EXW,Air,0,No,HRDT,HIV test,"Orgenics, Ltd","HIV 1/2, Determine Complete HIV Kit, 100 Tests","HIV 1/2, Determine Complete HIV Kit",Determine,N/A,Test kit,100,3000,240000,80,0.8,,"Alere Medical Co., Ltd.",Yes,1428,28142.92,expensive,336.48
56005,Haiti,PMO - US,Direct Drop,EXW,Air,0,No,ARV,Pediatric,CIPLA LIMITED,"Lamivudine/Zidovudine 30/60mg, dispersible tablets, 60 Tabs",Lamivudine/Zidovudine,Generic,30/60mg,Chewable/dispersible tablet - FDC,60,3184,6336.16,1.99,0.03,,"Cipla, Goa, India",Yes,250,2794.21,reasonable,6.51
34700,Nigeria,PMO - US,Direct Drop,EXW,Air,1,Yes,HRDT,HIV test,"Orgenics, Ltd","HIV 1/2, Determine Complete HIV Kit, 100 Tests","HIV 1/2, Determine Complete HIV Kit",Determine,N/A,Test kit,100,6375,567375,89,0.89,,"Alere Medical Co., Ltd.",Yes,3764,38029.42,expensive,583.26
58652,Haiti,PMO - US,Direct Drop,EXW,Air,0,No,HRDT,HIV test,"Orgenics, Ltd","HIV 1/2, Determine HIV Kit, without Lancets, 100 Tests","HIV 1/2, Determine HIV Kit, without Lancets",Determine,N/A,Test kit,100,33,3223.44,97.68,0.98,,Inverness Japan,Yes,8,1011.6,reasonable,5.32
18405,Haiti,PMO - US,Direct Drop,EXW,Air,0,No,ARV,Pediatric,Aurobindo Pharma Limited,"Nevirapine 10mg/ml, oral suspension w/syringe, Bottle, 240 ml",Nevirapine,Generic,10mg/ml,Oral suspension,240,2052,3098.52,1.51,0.01,,"Aurobindo Unit III, India",Yes,908,6438.91,expensive,3.83
48517,Zimbabwe,PMO - US,Direct Drop,EXW,Air,0,No,HRDT,HIV test,"Orgenics, Ltd","HIV 1/2, Determine Complete HIV Kit, 100 Tests","HIV 1/2, Determine Complete HIV Kit",Determine,N/A,Test kit,100,1845,132840,72,0.72,,Inverness Japan,Yes,1000,18841.09,expensive,286.4
23573,Nigeria,PMO - US,Direct Drop,EXW,Air,0,No,HRDT,HIV test,"Orgenics, Ltd","HIV 1/2, Determine Complete HIV Kit, 100 Tests","HIV 1/2, Determine Complete HIV Kit",Determine,N/A,Test kit,100,2687,239143,89,0.89,,Inverness Japan,Yes,1277,26014.88,expensive,394.59
53659,Zambia,PMO - US,Direct Drop,EXW,Air,1,Yes,HRDT,HIV test,"Orgenics, Ltd","HIV 1/2, Determine Complete HIV Kit, 100 Tests","HIV 1/2, Determine Complete HIV Kit",Determine,N/A,Test kit,100,2910,232800,80,0.8,,"Alere Medical Co., Ltd.",Yes,2910,21684.99,expensive,287.97
35870,Uganda,PMO - US,Direct Drop,DDP,Air,0,No,ARV,Adult,ASPEN PHARMACARE,"Darunavir 300mg [Prezista], tablets, 120 Tabs",Darunavir,Prezista,300mg,Tablet,120,388,25840.8,66.6,0.55,,"Aspen-OSD, Port Elizabeth, SA",Yes,68,1571.76,reasonable,31.97
55253,South Africa,PMO - US,Direct Drop,DDP,Air,0,No,ARV,Adult,Aurobindo Pharma Limited,"Nevirapine 200mg, tablets, 60 Tabs",Nevirapine,Generic,200mg,Tablet,60,26400,77088,2.92,0.05,,"Aurobindo Unit III, India",Yes,3113,5159.33,expensive,166.2
22091,Dominican Republic,PMO - US,Direct Drop,EXW,Air,0,No,HRDT,HIV test,"Orgenics, Ltd","HIV 1/2, Determine Complete HIV Kit, 100 Tests","HIV 1/2, Determine Complete HIV Kit",Determine,N/A,Test kit,100,1775,163300,92,0.92,,"Alere Medical Co., Ltd.",Yes,721,9165.29,expensive,202
31332,"Congo, DRC",PMO - US,Direct Drop,EXW,Air,0,No,ANTM,Malaria,IMRES B.V.,"Sulfadoxine/Pyrimethamine 500/25mg, tablets, 1000 Tabs",Sulfadoxine/Pyrimethamine,Generic,500/25mg,Tablet - FDC,1000,1370,37401,27.3,0.03,,"Guilin OSD site, No 17, China",Yes,1125,9693.68,expensive,38.45
53002,Rwanda,PMO - US,Direct Drop,EXW,Air,0,No,ARV,Adult,Aurobindo Pharma Limited,"Didanosine 400mg, delayed-release capsules, 30 Caps",Didanosine,Generic,400mg,Delayed-release capsules,30,1467,29340,20,0.67,,"Aurobindo Unit III, India",Yes,114,4822.01,reasonable,41.13
39088,Nigeria,PMO - US,Direct Drop,FCA,Air,0,No,ARV,Pediatric,ABBVIE LOGISTICS (FORMERLY ABBOTT LOGISTICS BV),"Lopinavir/Ritonavir 100/25mg [Aluvia], tablets, 60 Tabs",Lopinavir/Ritonavir,Generic,100/25mg,Tablet,60,5513,32747.22,5.94,0.1,,ABBVIE Ludwigshafen Germany,Yes,640,6185.25,expensive,40.51
63419,Swaziland,PMO - US,Direct Drop,EXW,Air,0,No,HRDT,HIV test,"Orgenics, Ltd","HIV 1/2, Determine Complete HIV Kit, 100 Tests","HIV 1/2, Determine Complete HIV Kit",Determine,N/A,Test kit,100,39,3120,80,0.8,,"Alere Medical Co., Ltd.",Yes,17,514.52,reasonable,3.21
40274,Uganda,PMO - US,Direct Drop,EXW,Air,0,No,HRDT,HIV test,"Trinity Biotech, Plc","HIV 1/2, Uni-Gold HIV Kit, 20 Tests","HIV 1/2, Uni-Gold HIV Kit",Uni-Gold,N/A,Test kit,20,875,28000,32,1.6,,"Trinity Biotech, Plc",Yes,292,4462.61,reasonable,34.64
73757,Zambia,PMO - US,Direct Drop,FCA,Air,0,No,ARV,Pediatric,ABBVIE LOGISTICS (FORMERLY ABBOTT LOGISTICS BV),"Lopinavir/Ritonavir 80/20mg/ml [Kaletra], oral solution, cool, Bottle 5 x 60 ml",Lopinavir/Ritonavir,Kaletra,80/20mg/ml,Oral solution,300,2265,69807.3,30.82,0.1,,ABBVIE (Abbott) Logis. UK,Yes,2272,13303.8,expensive,71.76
48497,South Africa,PMO - US,Direct Drop,DDP,Ocean,0,No,ARV,Adult,STRIDES ARCOLAB LIMITED,"Lamivudine 150mg, tablets, 60 Tabs",Lamivudine,Generic,150mg,Tablet,60,185954,459306.38,2.47,0.04,,"Strides, Bangalore, India.",Yes,9019,13677.68,expensive,990.26
18862,Haiti,PMO - US,Direct Drop,EXW,Air,0,No,HRDT,HIV test,"Orgenics, Ltd","HIV 1/2, Determine Complete HIV Kit, 100 Tests","HIV 1/2, Determine Complete HIV Kit",Determine,N/A,Test kit,100,4000,400000,100,1,,"Alere Medical Co., Ltd.",Yes,1624,16994.9,expensive,494.8
5283,Vietnam,PMO - US,Direct Drop,CIP,Air,0,No,ARV,Adult,ABBVIE LOGISTICS (FORMERLY ABBOTT LOGISTICS BV),"Lopinavir/Ritonavir 200/50mg [Aluvia], tablets, 120 Tabs",Lopinavir/Ritonavir,Aluvia,200/50mg,Tablet,120,1320,238682.4,180.82,1.51,,ABBVIE (Abbott) Logis. UK,Yes,304,13453.12,expensive,
80070,Vietnam,PMO - US,Direct Drop,EXW,Air,0,No,ARV,Adult,MYLAN LABORATORIES LTD (FORMERLY MATRIX LABORATORIES),"Lamivudine/Nevirapine/Zidovudine 150/200/300mg, tablets, 60 Tabs",Lamivudine/Nevirapine/Zidovudine,Generic,150/300/200mg,Tablet - FDC,60,11594,127534,11,0.18,,Mylan (formerly Matrix) Nashik,Yes,1615,9502.5,expensive,210.43
66094,Nigeria,PMO - US,Direct Drop,EXW,Air,0,No,ARV,Adult,Aurobindo Pharma Limited,"Zidovudine 300mg, tablets, 60 Tabs",Zidovudine,Generic,300mg,Tablet,60,25932,140810.76,5.43,0.09,,"Aurobindo Unit III, India",Yes,1548,11663.16,expensive,144.75
51895,Tanzania,PMO - US,Direct Drop,EXW,Air,0,No,HRDT,HIV test,"Orgenics, Ltd","HIV 1/2, Determine Complete HIV Kit, 100 Tests","HIV 1/2, Determine Complete HIV Kit",Determine,N/A,Test kit,100,672,53760,80,0.8,,"Alere Medical Co., Ltd.",Yes,277,4379.48,reasonable,55.27
30720,Rwanda,PMO - US,Direct Drop,EXW,Air,0,No,HRDT,HIV test,"Trinity Biotech, Plc","HIV 1/2, Uni-Gold HIV Kit, 20 Tests","HIV 1/2, Uni-Gold HIV Kit",Uni-Gold,N/A,Test kit,20,873,27936,32,1.6,,"Trinity Biotech, Plc",Yes,296,6318.92,expensive,46.09
47301,Zimbabwe,PMO - US,Direct Drop,EXW,Air,0,No,ARV,Pediatric,MYLAN LABORATORIES LTD (FORMERLY MATRIX LABORATORIES),"Lamivudine/Nevirapine/Zidovudine 30/50/60mg, dispersible tablets, 60 Tabs",Lamivudine/Nevirapine/Zidovudine,Generic,30/50/60mg,Chewable/dispersible tablet - FDC,60,814,0.01,0,0,,Mylan (formerly Matrix) Nashik,Yes,60,1344.94,reasonable,0
62253,Uganda,PMO - US,Direct Drop,EXW,Air,0,No,HRDT,HIV test,"Trinity Biotech, Plc","HIV 1/2, Uni-Gold HIV Kit, 20 Tests","HIV 1/2, Uni-Gold HIV Kit",Uni-Gold,N/A,Test kit,20,1903,60896,32,1.6,,"Trinity Biotech, Plc",Yes,566,3603.93,reasonable,62.6
64864,Ethiopia,PMO - US,Direct Drop,EXW,Air,0,No,HRDT,HIV test,"CHEMBIO DIAGNOSTIC SYSTEMS, INC.","HIV 1/2, Stat-Pak HIV, Kit, 20 Tests","HIV 1/2, Stat-Pak HIV, Kit",Stat-Pak,N/A,Test kit,20,360,11700,32.5,1.62,,Chembio Diagnostics Sys. Inc.,Yes,112,1414.69,reasonable,13.77
48182,Haiti,PMO - US,Direct Drop,FCA,Air,0,No,ARV,Adult,ABBVIE LOGISTICS (FORMERLY ABBOTT LOGISTICS BV),"Ritonavir 100mg [Norvir], film coated tablets, 60 Tabs",Ritonavir,Norvir,100mg,Tablet,60,272,1863.2,6.85,0.11,,ABBVIE Ludwigshafen Germany,Yes,37,722.35,reasonable,1.92
3551,Guyana,PMO - US,Direct Drop,EXW,Air,0,No,HRDT,HIV test,"Trinity Biotech, Plc","HIV 1/2, Uni-Gold HIV Kit, 20 Tests","HIV 1/2, Uni-Gold HIV Kit",Uni-Gold,N/A,Test kit,20,1062,33984,32,1.6,,"Trinity Biotech, Plc",Yes,355,4457.29,reasonable,66.61
21556,Vietnam,PMO - US,Direct Drop,EXW,Air,0,No,ARV,Pediatric,Aurobindo Pharma Limited,"Nevirapine 10mg/ml, oral suspension w/syringe, Bottle, 240 ml",Nevirapine,Generic,10mg/ml,Oral suspension,240,837,1548.45,1.85,0.01,,"Aurobindo Unit III, India",Yes,526,6368.02,expensive,1.92
19685,Zambia,PMO - US,Direct Drop,FCA,Air,0,No,ARV,Pediatric,ABBVIE LOGISTICS (FORMERLY ABBOTT LOGISTICS BV),"Lopinavir/Ritonavir 80/20mg/ml [Kaletra], oral solution, cool, Bottle 5 x 60 ml",Lopinavir/Ritonavir,Kaletra,80/20mg/ml,Oral solution,300,1500,46230,30.82,0.1,,ABBVIE (Abbott) Logis. UK,Yes,1374,10365.13,expensive,57.19
42851,Sudan,PMO - US,Direct Drop,EXW,Air,0,No,HRDT,HIV test - Ancillary,"Orgenics, Ltd","Capillary Tubes, for Determine, EDTA, 50uL,100 Pcs","HIV, Capillary Tubes, for Determine, EDTA, 50uL,100 Pcs",Determine,N/A,Test kit - Ancillary,100,1,8,8,0.08,,"Alere Medical Co., Ltd.",Yes,2,885.49,reasonable,0.01
79710,Guatemala,PMO - US,Direct Drop,FCA,Air,0,No,ARV,Adult,Hoffmann-La Roche ltd Basel,"Saquinavir 500mg [Invirase], tablets, 120 Tabs",Saquinavir,Invirase,500mg,Tablet,120,188,44639.99,237.45,1.98,,Roche Madrid,Yes,33,660.3,reasonable,73.66
4198,Vietnam,PMO - US,Direct Drop,FCA,Air,1,Yes,ARV,Adult,ABBVIE LOGISTICS (FORMERLY ABBOTT LOGISTICS BV),"Lopinavir/Ritonavir 200/50mg [Aluvia], tablets, 120 Tabs",Lopinavir/Ritonavir,Aluvia,200/50mg,Tablet,120,2000,164400,82.2,0.68,,ABBVIE Ludwigshafen Germany,Yes,513,5866.31,expensive,263.04
13161,South Africa,PMO - US,Direct Drop,DDP,Air,0,No,ARV,Adult,Aurobindo Pharma Limited,"Efavirenz 600mg, tablets, 30 Tabs",Efavirenz,Generic,600mg,Tablet,30,56877,265615.59,4.67,0.16,,"Aurobindo Unit III, India",Yes,4815,5886.9,expensive,572.67
80730,Zimbabwe,PMO - US,Direct Drop,EXW,Air Charter,0,No,ARV,Adult,STRIDES ARCOLAB LIMITED,"Nevirapine 200mg, tablets, 60 Tabs",Nevirapine,Generic,200mg,Tablet,60,7000,15400,2.2,0.04,,"Strides, Bangalore, India.",Yes,437,11814.57,expensive,15.83
2680,Zambia,PMO - US,Direct Drop,EXW,Air,0,No,ARV,Pediatric,Aurobindo Pharma Limited,"Abacavir 20mg/ml, oral solution, Bottle, 240 ml",Abacavir,Generic,20mg/ml,Oral solution,240,906,19071.3,21.05,0.09,,"Aurobindo Unit III, India",Yes,316,3850.8,reasonable,
14016,Vietnam,PMO - US,Direct Drop,EXW,Air,0,No,ARV,Adult,MICRO LABS LIMITED,"Nevirapine 200mg, tablets, 60 Tabs",Nevirapine,Generic,200mg,Tablet,60,7600,15808,2.08,0.03,,"Micro labs, Verna, Goa, India",Yes,1292,2800.95,reasonable,16.25
65450,Nigeria,PMO - US,Direct Drop,EXW,Air,0,No,HRDT,HIV test,"Orgenics, Ltd","HIV 1/2, Determine Complete HIV Kit, 100 Tests","HIV 1/2, Determine Complete HIV Kit",Determine,N/A,Test kit,100,3067,272963,89,0.89,,"Alere Medical Co., Ltd.",Yes,1228,13325.65,expensive,337.66
66792,Vietnam,PMO - US,Direct Drop,EXW,Air,0,No,ARV,Adult,STRIDES ARCOLAB LIMITED,"Lamivudine 150mg, tablets, 60 Tabs",Lamivudine,Generic,150mg,Tablet,60,43262,101665.7,2.35,0.04,,"Strides, Bangalore, India.",Yes,2035,8711.4,expensive,219.19
9389,Guyana,PMO - US,Direct Drop,EXW,Air,0,No,HRDT,HIV test,"CHEMBIO DIAGNOSTIC SYSTEMS, INC.","HIV 1/2, Stat-Pak HIV, Kit, 20 Tests","HIV 1/2, Stat-Pak HIV, Kit",Stat-Pak,N/A,Test kit,20,120,3240,27,1.35,,Chembio Diagnostics Sys. Inc.,Yes,35,379.62,reasonable,5.18
5243,Cote d'Ivoire,PMO - US,Direct Drop,EXW,Air,0,No,HRDT,HIV test,RANBAXY Fine Chemicals LTD.,"HIV, Reveal G3 Rapid HIV-1 Antibody Test, 30 Tests","HIV, Reveal G3 Rapid HIV-1 Antibody Test",Reveal,N/A,Test kit,30,19,551,29,0.97,,Ranbaxy Fine Chemicals LTD,Yes,13,859.53,reasonable,
26131,Zambia,PMO - US,Direct Drop,EXW,Air,0,No,HRDT,HIV test,"Trinity Biotech, Plc","HIV 1/2, Uni-Gold HIV Kit, 20 Tests","HIV 1/2, Uni-Gold HIV Kit",Uni-Gold,N/A,Test kit,20,3640,116480,32,1.6,,"Trinity Biotech, Plc",Yes,1213,15504.42,expensive,192.19
79861,Guyana,PMO - US,Direct Drop,EXW,Air,0,No,HRDT,HIV test,"Trinity Biotech, Plc","HIV 1/2, Uni-Gold HIV Kit, 20 Tests","HIV 1/2, Uni-Gold HIV Kit",Uni-Gold,N/A,Test kit,20,4588,146816,32,1.6,,"Trinity Biotech, Plc",Yes,1573,26710.2,expensive,242.25
36603,Vietnam,PMO - US,Direct Drop,EXW,Air,0,No,ARV,Adult,Aurobindo Pharma Limited,"Nevirapine 200mg, tablets, 60 Tabs",Nevirapine,Generic,200mg,Tablet,60,7400,16650,2.25,0.04,,"Aurobindo Unit III, India",Yes,730,1338.19,reasonable,17.12
80299,Namibia,PMO - US,Direct Drop,EXW,Air,0,No,HRDT,HIV test,"Orgenics, Ltd","HIV 1/2, Determine HIV Kit, without Lancets, 100 Tests","HIV 1/2, Determine HIV Kit, without Lancets",Determine,N/A,Test kit,100,150,11655,77.7,0.78,,Inverness Japan,Yes,35,840.46,reasonable,16.34
72698,Vietnam,PMO - US,Direct Drop,EXW,Air,0,No,ARV,Adult,Aurobindo Pharma Limited,"Abacavir 300mg, tablets, 60 Tabs",Abacavir,Generic,300mg,Tablet,60,591,6737.4,11.4,0.19,,"Aurobindo Unit III, India",Yes,36,430.5,reasonable,8.33
68341,South Africa,PMO - US,Direct Drop,DDP,Ocean,0,No,ARV,Adult,CIPLA LIMITED,"Tenofovir Disoproxil Fumarate 300mg, tablets, 30 Tabs",Tenofovir Disoproxil Fumarate,Generic,300mg,Tablet,30,105278,740104.34,7.03,0.23,,"Cipla, Goa, India",Yes,7225,6038.21,expensive,1595.66
18422,Zambia,PMO - US,Direct Drop,CIP,Air,0,No,ARV,Adult,INTERNATIONAL HEALTHCARE DISTRIBUTORS,"Lopinavir/Ritonavir 200/50mg [Aluvia], tablets, 120 Tabs",Lopinavir/Ritonavir,Aluvia,200/50mg,Tablet,120,10000,369100,36.91,0.31,,ABBVIE Ludwigshafen Germany,Yes,2294,1100.2,reasonable,795.78
32438,Mozambique,PMO - US,Direct Drop,EXW,Air,0,No,HRDT,HIV test,"Orgenics, Ltd","HIV 1/2, Determine Kit without Lancets, Buffer or Caplillary Tubes, 100 Tests","HIV 1/2, Determine Kit without Lancets, Buffer or Capillary Tubes, 100 Tests",Determine,N/A,Test kit,100,229,16522.35,72.15,0.72,,"Alere Medical Co., Ltd.",Yes,43,,,16.98
65621,Ethiopia,PMO - US,Direct Drop,EXW,Air,0,No,HRDT,HIV test,"CHEMBIO DIAGNOSTIC SYSTEMS, INC.","HIV 1/2, Stat-Pak HIV, Kit, 20 Tests","HIV 1/2, Stat-Pak HIV, Kit",Stat-Pak,N/A,Test kit,20,44,1276,29,1.45,,Chembio Diagnostics Sys. Inc.,Yes,15,529.4,reasonable,1.79
53349,Guyana,PMO - US,Direct Drop,EXW,Air,0,No,HRDT,HIV test,"Orgenics, Ltd","HIV 1/2, Determine Complete HIV Kit, 100 Tests","HIV 1/2, Determine Complete HIV Kit",Determine,N/A,Test kit,100,300,30000,100,1,,"Alere Medical Co., Ltd.",Yes,137,3825.21,reasonable,42.06
61612,Haiti,PMO - US,Direct Drop,EXW,Air,0,No,ARV,Adult,EMCURE PHARMACEUTICALS LTD,"Atazanavir/Ritonavir 300/100mg, tablets, 30 Tabs",Atazanavir/Ritonavir,Generic,300/100mg,Tablet,30,1000,18000,18,0.6,,"Emcure Plot No.P-2, I.T-B.T. Park, Phase II, MIDC, Hinjwadi, Pune, India",Yes,132,1579.89,reasonable,18.5
82004,Guyana,PMO - US,Direct Drop,EXW,Air,0,No,HRDT,HIV test,"Trinity Biotech, Plc","HIV 1/2, Uni-Gold HIV Kit, 20 Tests","HIV 1/2, Uni-Gold HIV Kit",Uni-Gold,N/A,Test kit,20,1513,48416,32,1.6,,"Trinity Biotech, Plc",Yes,410,5577.13,expensive,67.88
28908,South Africa,PMO - US,Direct Drop,DDP,Air,0,No,ARV,Adult,Aurobindo Pharma Limited,"Nevirapine 200mg, tablets, 60 Tabs",Nevirapine,Generic,200mg,Tablet,60,26369,76997.48,2.92,0.05,,"Aurobindo Unit III, India",Yes,3110,5159.33,expensive,166.01
46432,Cote d'Ivoire,PMO - US,Direct Drop,EXW,Air,0,No,ARV,Adult,Aurobindo Pharma Limited,"Abacavir/Lamivudine 600/300mg, scored tablets, 30 Tabs",Abacavir/Lamivudine,Generic,600/300mg,Tablet - FDC,30,1461,33603,23,0.77,,"Aurobindo Unit III, India",Yes,154,2986.16,reasonable,65.86
33077,South Africa,PMO - US,Direct Drop,DDP,Air,0,No,ARV,Adult,Aurobindo Pharma Limited,"Abacavir 300mg, tablets, 60 Tabs",Abacavir,Generic,300mg,Tablet,60,7600,121448,15.98,0.27,,"Aurobindo Unit III, India",Yes,782,2534.68,reasonable,261.84
3421,Nigeria,PMO - US,Direct Drop,CIP,Air,0,No,ARV,Adult,MERCK SHARP & DOHME IDEA GMBH (FORMALLY MERCK SHARP & DOHME B.V.),"Efavirenz/Emtricitabine/Tenofovir Disoproxil Fumarate 600/200/300mg [Atripla], tablets, 30 Tabs",Efavirenz/Emtricitabine/Tenofovir Disoproxil Fumarate,Atripla,600/200/300mg,Tablet - FDC,30,5900,297360,50.4,1.68,,"MSD, Haarlem, NL",Yes,493,1727.2,reasonable,475.78
58808,Vietnam,PMO - US,Direct Drop,EXW,Air,0,No,ARV,Pediatric,Aurobindo Pharma Limited,"Efavirenz 50mg, capsule, 30 Caps",Efavirenz,Generic,50mg,Capsule,30,435,974.4,2.24,0.07,,"Aurobindo Unit III, India",Yes,25,1003.65,reasonable,1.37
22684,Uganda,PMO - US,Direct Drop,DDP,Air,0,No,ARV,Adult,ASPEN PHARMACARE,"Darunavir 300mg [Prezista], tablets, 120 Tabs",Darunavir,Prezista,300mg,Tablet,120,259,24123.26,93.14,0.78,,"Aspen-OSD, Port Elizabeth, SA",Yes,43,466,reasonable,39.8
13007,Burundi,PMO - US,Direct Drop,EXW,Air,0,No,HRDT,HIV test,"Orgenics, Ltd","HIV 1/2, Determine Complete HIV Kit, 100 Tests","HIV 1/2, Determine Complete HIV Kit",Determine,N/A,Test kit,100,1468,117440,80,0.8,,"Alere Medical Co., Ltd.",Yes,638,12922.07,expensive,145.27
55518,Tanzania,PMO - US,Direct Drop,EXW,Air,0,No,HRDT,HIV test,"Orgenics, Ltd","HIV 1/2, Determine Complete HIV Kit, 100 Tests","HIV 1/2, Determine Complete HIV Kit",Determine,N/A,Test kit,100,2870,229600,80,0.8,,"Alere Medical Co., Ltd.",Yes,1368,24308.25,expensive,321.9
24053,Tanzania,PMO - US,Direct Drop,EXW,Air,0,No,HRDT,HIV test,"Trinity Biotech, Plc","HIV 1/2, Uni-Gold HIV Kit, 20 Tests","HIV 1/2, Uni-Gold HIV Kit",Uni-Gold,N/A,Test kit,20,107,3424,32,1.6,,"Trinity Biotech, Plc",Yes,39,1158.73,reasonable,4.24
21953,South Sudan,PMO - US,Direct Drop,EXW,Air,0,No,HRDT,HIV test,"Trinity Biotech, Plc","HIV 1/2, Uni-Gold HIV Kit, 20 Tests","HIV 1/2, Uni-Gold HIV Kit",Uni-Gold,N/A,Test kit,20,324,10368,32,1.6,,"Trinity Biotech, Plc",Yes,107,2231.97,reasonable,12.83
42655,Kenya,PMO - US,Direct Drop,EXW,Air,1,Yes,HRDT,HIV test,"Orgenics, Ltd","HIV 1/2, Determine Complete HIV Kit, 100 Tests","HIV 1/2, Determine Complete HIV Kit",Determine,N/A,Test kit,100,6636,530880,80,0.8,,Inverness Japan,Yes,1036,11163.27,expensive,1144.58
41222,Kenya,PMO - US,Direct Drop,EXW,Air,0,No,HRDT,HIV test,"Orgenics, Ltd","HIV 1/2, Determine Complete HIV Kit, 100 Tests","HIV 1/2, Determine Complete HIV Kit",Determine,N/A,Test kit,100,6100,542900,89,0.89,,"Alere Medical Co., Ltd.",Yes,3497,40917.19,expensive,895.78
60168,South Africa,PMO - US,Direct Drop,DDP,Air,1,Yes,ARV,Adult,CIPLA LIMITED,"Tenofovir Disoproxil Fumarate 300mg, tablets, 30 Tabs",Tenofovir Disoproxil Fumarate,Generic,300mg,Tablet,30,64771,506509.22,7.82,0.26,,"Cipla, Goa, India",Yes,4398,5298.03,expensive,1092.03
8378,Vietnam,PMO - US,Direct Drop,EXW,Air,0,No,ARV,Adult,MYLAN LABORATORIES LTD (FORMERLY MATRIX LABORATORIES),"Efavirenz 600mg, tablets, 30 Tabs",Efavirenz,Generic,600mg,Tablet,30,10080,115718.4,11.48,0.38,,Mylan (formerly Matrix) Nashik,Yes,772,4408.29,reasonable,185.15
20544,Uganda,PMO - US,Direct Drop,EXW,Air,0,No,HRDT,HIV test,"Orgenics, Ltd","HIV 1/2, Determine Complete HIV Kit, 100 Tests","HIV 1/2, Determine Complete HIV Kit",Determine,N/A,Test kit,100,4872,389760,80,0.8,,"Alere Medical Co., Ltd.",Yes,1978,16876.25,expensive,458.75
13016,Burundi,PMO - US,Direct Drop,EXW,Air,0,No,HRDT,HIV test,"CHEMBIO DIAGNOSTIC SYSTEMS, INC.","HIV 1/2, Stat-Pak Dipstick Assay Kit, 30 Tests","HIV 1/2, Stat-Pak Dipstick Assay Kit",Stat-Pak,N/A,Test kit,30,305,7777.5,25.5,0.85,,Chembio Diagnostics Sys. Inc.,Yes,34,836.8,reasonable,10.9
79141,Kenya,PMO - US,Direct Drop,EXW,Air,0,No,HRDT,HIV test,"Trinity Biotech, Plc","HIV 1/2, Uni-Gold HIV Kit, 20 Tests","HIV 1/2, Uni-Gold HIV Kit",Uni-Gold,N/A,Test kit,20,516,16512,32,1.6,,"Trinity Biotech, Plc",Yes,174,2061.8,reasonable,27.24
60545,Botswana,PMO - US,Direct Drop,EXW,Air,0,No,ARV,Adult,HETERO LABS LIMITED,"Efavirenz/Emtricitabine/Tenofovir Disoproxil Fumarate 600/200/300mg, tablets, 30 Tabs",Efavirenz/Emtricitabine/Tenofovir Disoproxil Fumarate,Generic,600/200/300mg,Tablet - FDC,30,32112,334928.16,10.43,0.35,,"Hetero, Jadcherla, unit 5, IN",Yes,3989,19745.22,expensive,394.21
16496,Tanzania,PMO - US,Direct Drop,EXW,Air,0,No,ARV,Adult,HETERO LABS LIMITED,"Zidovudine 300mg, tablets, 60 Tabs",Zidovudine,Generic,300mg,Tablet,60,63200,347600,5.5,0.09,,Hetero Unit III Hyderabad IN,Yes,4007,23397.41,expensive,357.33
4045,Tanzania,PMO - US,Direct Drop,EXW,Air,0,No,HRDT,HIV test,"Standard Diagnostics, Inc.","HIV 1/2, Bioline 3.0 Kit, Lancets, Capillary pipets, Alcohol swabs included, 25 Tests","HIV 1/2, Bioline 3.0 Kit, Lancets, Capillary pipets, Alcohol swabs included",Bioline,N/A,Test kit,25,10000,200000,20,0.8,,"Standard Diagnostics, Korea",Yes,3112,22856.02,expensive,392
13748,Cote d'Ivoire,PMO - US,Direct Drop,EXW,Air,0,No,HRDT,HIV test,"CHEMBIO DIAGNOSTIC SYSTEMS, INC.","HIV 1/2, Stat-Pak HIV, Kit, 20 Tests","HIV 1/2, Stat-Pak HIV, Kit",Stat-Pak,N/A,Test kit,20,350,9450,27,1.35,,Chembio Diagnostics Sys. Inc.,Yes,205,1437.4,reasonable,18.52
16213,Burundi,PMO - US,Direct Drop,EXW,Air,0,No,HRDT,HIV test,"CHEMBIO DIAGNOSTIC SYSTEMS, INC.","HIV 1/2, Stat-Pak Dipstick Assay Kit, 30 Tests","HIV 1/2, Stat-Pak Dipstick Assay Kit",Stat-Pak,N/A,Test kit,30,414,11426.4,27.6,0.92,,Chembio Diagnostics Sys. Inc.,Yes,44,694.1,reasonable,11.75
58642,Sudan,PMO - US,Direct Drop,EXW,Air,0,No,HRDT,HIV test,"Trinity Biotech, Plc","HIV 1/2, Uni-Gold HIV Kit, 20 Tests","HIV 1/2, Uni-Gold HIV Kit",Uni-Gold,N/A,Test kit,20,58,1856,32,1.6,,"Trinity Biotech, Plc",Yes,20,644.02,reasonable,3.06
13652,Vietnam,PMO - US,Direct Drop,EXW,Air,0,No,ARV,Adult,MYLAN LABORATORIES LTD (FORMERLY MATRIX LABORATORIES),"Efavirenz 600mg, tablets, 30 Tabs",Efavirenz,Generic,600mg,Tablet,30,21504,139776,6.5,0.22,,Mylan (formerly Matrix) Nashik,Yes,1849,4191.83,reasonable,273.96
8554,Zambia,PMO - US,Direct Drop,EXW,Air,0,No,HRDT,HIV test,"Standard Diagnostics, Inc.","HIV 1/2, Bioline 3.0 Kit, Lancets, Capillary pipets, Alcohol swabs included, 25 Tests","HIV 1/2, Bioline 3.0 Kit, Lancets, Capillary pipets, Alcohol swabs included",Bioline,N/A,Test kit,25,500,10000,20,0.8,,"Standard Diagnostics, Korea",Yes,157,1754.04,reasonable,19.6
56861,Haiti,PMO - US,Direct Drop,EXW,Air,0,No,HRDT,HIV test,"SHANGHAI KEHUA BIOENGINEERING CO.,LTD.  (KHB)","HIV 1/2, SKB Colloidal Gold, Diagnostic Kit, Antibody, 50 Tests","HIV 1/2, Colloidal Gold, Diagnostic Kit, Antibody",Colloidal Gold,N/A,Test kit,1,250,6125,24.5,24.5,,"KHB Test Kit Facility, Shanghai China",Yes,164,2204.84,reasonable,7.58
25083,Swaziland,PMO - US,Direct Drop,EXW,Air,0,No,HRDT,HIV test,"Trinity Biotech, Plc","HIV 1/2, Uni-Gold HIV Kit, 20 Tests","HIV 1/2, Uni-Gold HIV Kit",Uni-Gold,N/A,Test kit,20,150,4800,32,1.6,,"Trinity Biotech, Plc",Yes,54,752.58,reasonable,6.73
66373,Guyana,PMO - US,Direct Drop,EXW,Air,0,No,HRDT,HIV test,"Trinity Biotech, Plc","HIV 1/2, Uni-Gold HIV Kit, 20 Tests","HIV 1/2, Uni-Gold HIV Kit",Uni-Gold,N/A,Test kit,20,2334,74688,32,1.6,,"Trinity Biotech, Plc",Yes,807,6558.08,expensive,161.03
35640,Liberia,PMO - US,Direct Drop,EXW,Air,0,No,HRDT,HIV test,"Orgenics, Ltd","HIV 1/2, Determine Complete HIV Kit, 100 Tests","HIV 1/2, Determine Complete HIV Kit",Determine,N/A,Test kit,100,520,41600,80,0.8,,Inverness Japan,Yes,252,8678.71,expensive,68.64
13608,Uganda,PMO - US,Direct Drop,DDP,Air,0,No,ARV,Adult,ASPEN PHARMACARE,"Etravirine 100mg [Intelence], tablets, 120 Tabs",Etravirine,Intelence,100mg,Tablet,120,121,9075,75,0.62,,"Janssen-Cilag, Latina, IT",Yes,43,199,reasonable,12.72
80394,"Congo, DRC",PMO - US,Direct Drop,EXW,Air,0,No,HRDT,HIV test,"Trinity Biotech, Plc","HIV 1/2, Uni-Gold HIV Kit, 20 Tests","HIV 1/2, Uni-Gold HIV Kit",Uni-Gold,N/A,Test kit,20,292,9344,32,1.6,,"Trinity Biotech, Plc",Yes,99,2162.55,reasonable,13.1
61675,Zambia,PMO - US,Direct Drop,EXW,Air,1,Yes,HRDT,HIV test,"Orgenics, Ltd","HIV 1/2, Determine Complete HIV Kit, 100 Tests","HIV 1/2, Determine Complete HIV Kit",Determine,N/A,Test kit,100,2127,170160,80,0.8,,"Alere Medical Co., Ltd.",Yes,881,14019.38,expensive,210.49
39182,South Africa,PMO - US,Direct Drop,DDP,Ocean,0,No,ARV,Adult,Aurobindo Pharma Limited,"Efavirenz 600mg, tablets, 30 Tabs",Efavirenz,Generic,600mg,Tablet,30,191011,861459.61,4.51,0.15,,"Aurobindo Unit III, India",Yes,16234,14439.17,expensive,1421.41
5645,Botswana,PMO - US,Direct Drop,EXW,Air,0,No,HRDT,HIV test,"Orgenics, Ltd","HIV 1/2, Determine HIV Kit, without Lancets, 100 Tests","HIV 1/2, Determine HIV Kit, without Lancets",Determine,N/A,Test kit,100,200,14398,71.99,0.72,,Inverness Japan,Yes,46,1028.18,reasonable,23.04
